@article{dErrico00,
  title={A new look at the Berekhat Ram figurine: implications for the origins of symbolism},
  author={d'Errico, Francesco and Nowell, April},
  journal={Cambridge Archaeological Journal},
  volume={10},
  number={1},
  pages={123--167},
  year={2000},
  publisher={Citeseer},
  bth=3213
}

@book{Clarke14,
  title={Analytical archaeology},
  author={Clarke, David L},
  year={2014},
  publisher={Routledge},
  bth=3204
}

@book{Renfrew91,
  title={Archaeology: theories, methods and practice},
  author={Renfrew, Colin and Bahn, Paul G},
  volume={2},
  year={1991},
  publisher={Thames and Hudson London},
  bth=1966
}

@book{Saussure89,
  title={Cours de linguistique g{\'e}n{\'e}rale},
  author={De Saussure, Ferdinand},
  volume={1},
  year={1989},
  publisher={Otto Harrassowitz Verlag},
  bth=3102,
  publi = "TP"
}

@article{Tobler70,
  title={A computer movie simulating urban growth in the Detroit region},
  author={Tobler, Waldo R},
  journal={Economic geography},
  volume={46},
  number={sup1},
  pages={234--240},
  year={1970},
  publisher={Taylor \& Francis},
  bth=3224
}

@Inproceedings{Huet18a,
  author    = {Thomas Huet},
  title     = {Geometric graphs to study ceramic decoration},
  booktitle = {Exploring Oceans of Data, proceedings of the 44th Conference on Computer Applications and Quantitative Methods in Archaeology, CAA 2016},
  year      = {2018},
  editor    = {Matsumoto, Mieko and Uleberg, Espen},
  pages     = {311-324},
  publisher = {Archaeopress},
  bth = 2195,
  publi = "TP"
}

@InProceedings{Alexander08,
author = {Alexander, Craig},
title = {The Bedolina map -- an exploratory network analysis},
booktitle = {Layers of Perception. Proceedings of the 35th International Conference on Computer Applications and Quantitative Methods in Archaeology (CAA),  Berlin, 2.-6. April 2007},
pages = {366--371},
year = {2008},
editor = {Posluschny, A. and Lambers, K. and Herzog, I.},
publisher = {Koll. Vor- u. Fr√ºhgesch},
doi = {https://doi.org/10.11588/propylaeumdok.00000512},
bth=3055,
}

@phdthesis{DiazGuardamino10,
  title={Las estelas decoradas en la Prehistoria de la Pen{\'\i}nsula Ib{\'e}rica},
  author={D{\'\i}az-Guardamino Uribe, Marta},
  year={2010},
  school={Universidad Complutense de Madrid, Servicio de Publicaciones},
  bth=2172,
  id_ico = "pn",
  publi="TP"
}

@article{Ooms18,
  title={Magick: advanced graphics and image-processing in R},
  author={Ooms, Jeroen},
  journal={CRAN. R package version},
  volume={1},
  year={2018},
  bth=3217
}

@Article{Csardi06,
  title = {The igraph software package for complex network research},
  author = {Gabor Csardi and Tamas Nepusz},
  journal = {InterJournal},
  volume = {Complex Systems},
  pages = {1695},
  year = {2006},
  url = {http://igraph.org},
  bth=3216
}

@Manual{Bivand19,
  title = {rgdal: Bindings for the 'Geospatial' Data Abstraction Library},
  author = {Roger Bivand and Tim Keitt and Barry Rowlingson},
  year = {2019},
  note = {R package version 1.4-7},
  url = {https://CRAN.R-project.org/package=rgdal},
  bth=3220
}

@Manual{R19,
	title = {R: A Language and Environment for Statistical Computing},
	author = {{R Core Team}},
	organization = {R Foundation for Statistical Computing},
	address = {Vienna, Austria},
	year = {2019},
	url = {https://www.R-project.org/},
	bth=3219
}

@book{Celestino01,
  title={Estelas de guerrero y estelas diademadas: la precolonialzaci{\'o}n y formaci{\'o}n del mundo tart{\'e}sico},
  author={P{\'e}rez, Sebasti{\'a}n Celestino},
  year={2001},
  publisher={Ediciones Bellaterra},
  bth=3122,
  publi = "TP"
}

@Manual{Snow20,
  title = {TeachingDemos: Demonstrations for Teaching and Learning},
  author = {Greg Snow},
  year = {2020},
  note = {R package version 2.12},
  url = {https://CRAN.R-project.org/package=TeachingDemos},
  bth=3221
}

@Manual{Friendly20,
    title = {matlib: Matrix Functions for Teaching and Learning Linear Algebra and Multivariate Statistics},
    author = {Michael Friendly and John Fox and Phil Chalmers},
    year = {2020},
    note = {R package version 0.9.3},
    url = {https://CRAN.R-project.org/package=matlib},
    bth=3222
}
