% Encoding: UTF-8

@article{Binder18,
  title={Modelling the earliest north-western dispersal of Mediterranean Impressed Wares: new dates and Bayesian chronological model},
  author={Binder, Didier and Lanos, Philippe and Angeli, Lucia and Gomart, Louise and Guilaine, Jean and Manen, Claire and Maggi, Roberto and Muntoni, Italo M and Panelli, Chiara and Radi, Giovanna and others},
  journal={Documenta praehistorica},
  volume={44},
  pages={54-77},
  year={2018},
  publisher={University of Ljubljana Department of Archaeology}
}

@inproceedings{Briois09,
  title={L'abri de Buholoup: de l'{\'E}pipal{\'e}olithique au N{\'e}olithique ancien dans le piedmont central des Pyr{\'e}n{\'e}es},
  author={Briois, Fran{\c{c}}ois and Vaquer, Jean},
  booktitle={De M{\'e}diterran{\'e}e et d'ailleurs...: m{\'e}langes offerts {\`a} Jean Guilaine},
  pages={141-150},
  year={2009}
}

@article{Oms08,
  title={Caracterizaci{\'o} t{\'e}cnica, tipol{\'o}gica i cronol{\'o}gica de les cer{\`a}miques del Neol{\'i}tic antic de la Cova Colomera (Prepirineu de Lleida)},
  author={Oms, Francesc Xavier},
  journal={Archivo de Prehistoria Levantina},
  number={27},
  pages={51-80},
  year={2008},
  publisher={Servicio de Investigaci{\'o}n Prehist{\'o}rica}
}

@Article{Forenbaher15,
  author  = {Forenbaher, Sta{\v{s}}o and Zlatko, Perho{\v{C}}},
  journal = {Prilozi Instituta za arheologiju u Zagrebu},
  title   = {Izra{\dj}evine od lomljenog kamena iz Nakovane (Pelje{\v{s}}ac): kontinuitet i promjene od ranog neolitika do kraja prapovijesti.},
  year    = {2015},
  number  = {1},
  volume  = {32},
}

@article{Komvso08,
  title={Mezolitik u Hrvatskoj},
  author={Kom{\v{s}}o, Darko},
  journal={Opusc. Archaeol. Rad. Arheol. zavoda},
  volume={30},
  pages={55-92},
  year={2008}
}

@misc{Forenbaher14,
  title={{\v{S}}irenje zemljoradnje na isto{\v{c}}nom Jadranu u svjetlu novih radiokarbonskih datuma},
  author={Forenbaher, Sta{\v{s}}o and Miracle, PT},
  year={2014},
  publisher={Diadora}
}

@InProceedings{Muntoni17,
  author    = {Muntoni, Italo Maria and Radina, Francesca and Martinelli, Maria Clara and Lemorini, Cristina},
  booktitle = {Preistoria e Protostoria della Puglia},
  title     = {Abitati e produzioni nella Bassa Murgia barese nel Neolitico antico e medio: le ricerche negli insediamenti neolitici del Pulo di Molfetta e di Balsignano},
  year      = {2017},
  pages     = {261-275},
  publisher = {Istituto italiano di preistoria e protostoria},
}

@book{DeAngelis19,
  title={La grotta dei cocci di Narni. Scavi 1989-2001},
  author={De Angelis, Maria Cristina},
  year={2019},
  publisher={All'Insegna del Giglio}
}

@article{Kozlowski03,
  title={L'industria di Isola Santa in Toscana e la sua posizione nel Sauveterriano italiano},
  author={Kozlowski, Stefan Karol and Tozzi, Carlo and Cremaschi, Mauro and Dini, Mario},
  journal={Rivista di Scienze preistoriche},
  volume={53},
  pages={193-239},
  year={2003}
}

@article{Mottes09,
  title={Evolution of the Square Mouthed Pottery culture in Trentino-Alto Adige, Veneto and Friuli: cultural, chronological, palaeoeconomic and environmental aspects},
  author={Mottes, E and Petrucci, G and Rottoli, M and Visentini, P},
  journal={Gortania},
  volume={31},
  number={97},
  pages={e124},
  year={2009}
}

@MastersThesis{Facchinetti12,
    author = {Facchinetti, Luigi},
    institution = {Universita degli Studi di Trento},
    pages = 159,
    school = {Dipartimento di Lettere e Filosofia},
    title = {Considerazioni sul popolamento dell'Italia Settentrionale nel periodo Neolitico attraverso le datazioni radiometriche al 14 C},
    year = 2012
}

@article{Degasperi19,
  title={Il villaggio neolitico di Lugo di Romagna-Fornace Gattelli: strutture, ambiente, culture},
  author={Degasperi, Nicola and Steff{\`e}, Giuliana},
  journal={Il villaggio neolitico di Lugo di Romagna-Fornace Gattelli},
  pages={1-668},
  year={2019},
  publisher={Istituto italiano di preistoria e protostoria}
}

@article{Biagi02,
  title={The Mesolithic/Neolithic transition in north eastern Italy and in the Adriatic Basin},
  author={Biagi, Paolo and Spataro, Michela},
  journal={SAGVNTVM Extra},
  volume={5},
  pages={167-178},
  year={2002}
}

@article{Pessina18,
  title={Un nuovo villaggio neolitico da Pavia di Udine ei pi{\`u} recenti dati dal territorio},
  author={Pessina, Andrea and Fontana, Alessandro and Rottoli, Mauro and Fiappo, Giovanni Carlo},
  journal={Un nuovo villaggio neolitico da Pavia di Udine ei pi{\`u} recenti dati dal territorio},
  pages={611-617},
  year={2018},
  publisher={Istituto italiano di preistoria e protostoria}
}

@article{Castelletti94,
  title={Il popolamento della Valle del Serchio (Toscana settentrionale) durante il Tardiglaciale w{\"u}rmiano e l'Olocene antico},
  author={Castelletti, LANFREDO and Maspero, ALFIO and Tozzi, CARLO},
  journal={Highland zone exploitation in southern Europe},
  volume={20},
  pages={189-204},
  year={1994},
  publisher={Monografie di Natura Bresciana}
}

@article{Kozlowski00,
  title={Riparo Gaban: the mesolithic layers},
  author={Kozlowski, Stefan Karol and Dalmeri, Giampaolo and Bassetti, Michele},
  journal={Preistoria alpina},
  volume={36},
  pages={3-42},
  year={2000}
}

@article{Perrin05,
  title={Nouvelles r{\'e}flexions sur la transition M{\'e}solithique r{\'e}cent--N{\'e}olithique ancien {\`a} l'abri Gaban (Trento, Italie)},
  author={Perrin, Thomas},
  journal={Preistoria alpina},
  volume={41},
  pages={89-146},
  year={2005}
}

@article{Courtin85,
  title={R{\'e}vision de la stratigraphie et de la chronologie absolue du site de Ch{\^a}teauneuf-les-Martigues (Bouches-du-Rh{\^o}ne)},
  author={Courtin, Jean and Evin, J and Thommeret, Y},
  journal={Anthropologie (L')},
  volume={89},
  number={4},
  pages={543-556},
  year={1985}
}

@article{Courtin74,
  title={Les habitats de plein air du N{\'e}olithique ancien cardial en Provence},
  author={Courtin, Jean},
  journal={Revue d'{\'E}tudes Ligures},
  volume={38},
  pages={3-4},
  year={1974}
}

@article{Courtin76,
  title={La Baume Fontbr{\'e}goua (Salernes, Var)},
  author={Courtin, J},
  journal={Livret-guide de l'excursion B},
  volume={2},
  pages={21-9},
  year={1976}
}

@article{Bras10,
	Title = {New radiocarbon dates and isotope analysis of Neolithic human and animal bone from the Fontbr{\'e}goua Cave (Salernes, Var, France)},
	Author = {Le Bras-Goude, Gwena{\"e}lle and Binder, Didier and Zemour, Aur{\'e}lie and Richards, Michael P},
	Volume = {88},
	Year = {2010},
	Journal = {Journal of anthropological sciences = Rivista di antropologia : JASS},
	ISSN = {1827-4765},
	Pages = {167-178},
	URL = {http://europepmc.org/abstract/MED/20834056}
}

@article{Coste76,
  title={D{\'e}couverte de la phase r{\'e}cente de la culture cardiale dans les garrigures de N{\^\i}mes (Gard)},
  author={Coste, Andr{\'e} and Gutherz, Xavier},
  journal={Bulletin de la Soci{\'e}t{\'e} pr{\'e}historique fran{\c{c}}aise. Comptes rendus des s{\'e}ances mensuelles},
  volume={73},
  number={8},
  pages={246-250},
  year={1976},
  publisher={JSTOR}
}

@book{Binder87,
  title={Le N{\'e}olithique ancien proven{\c{c}}al. Typologie et technologie des outillages lithiques},
  author={Binder, Didier},
  volume={24},
  number={1},
  year={1987},
  publisher={Pers{\'e}e-Portail des revues scientifiques en SHS}
}

@article{Vignaud98,
  title={La n{\'e}cropole n{\'e}olithique du Camp del Gin{\`e}bre de Caramany (Pyr{\'e}n{\'e}es-Orientales)},
  author={Vignaud, A},
  journal={Tombes, n{\'e}cropoles, rites fun{\'e}raires pr{\'e}historiques et historiques},
  pages={19-29},
  year={1998},
  publisher={S{\'e}minaires du Centre d'Anthropologie, Toulouse}
}

@book{Claustre92,
  title={La Cauna de Belesta: une tombe collective il ya 6 000 ans},
  author={Claustre, Fran{\c{c}}oise},
  year={1992},
  publisher={Centre d'anthropologie des soci{\'e}t{\'e}s rurales}
}

@book{Guilaine84,
  title={Leucate-Correge: habitat noy{\'e} du N{\'e}olithique cardial},
  author={Guilaine, Jean},
  year={1984},
  publisher={Centre d'anthropologie des soci{\'e}t{\'e}s rurales}
}

@book{Guilaine93,
  title={Dourgne: derniers chasseurs-collecteurs et premiers {\'e}leveurs de la Haute-Vall{\'e}e de l'Aude},
  author={Guilaine, Jean and Barbaza, Michel},
  year={1993},
  publisher={Centre d'anthropologie des soci{\'e}t{\'e}s rurales; Arch{\'e}ologie en Terre d'Aude}
}

@article{Beeching00,
  title={La transition M{\'e}solithique-N{\'e}olithique entre la plaine du Rh{\^o}ne moyen et ses bordures pr{\'e}alpines},
  author={Beeching, A and Brochier, JL and Cordier, F},
  journal={Les Pal{\'e}oalpins e Hommage {\`a} Pierre Bintz, G{\'e}ologie Alpine e M{\'e}moire Hs},
  volume={31},
  pages={201-210},
  year={2000}
}

@article{Binder95,
  title={{\'E}l{\'e}ments pour la chronologie du N{\'e}olithique ancien {\`a} c{\'e}ramique imprim{\'e}e dans le Midi},
  author={Binder, D},
  journal={Chronologies n{\'e}olithiques. De 6000 {\`a} 2000 avant notre {\`e}re dans le Bassin rhodanien},
  volume={6000},
  pages={55-65},
  year={1995}
}

@article{Binder10,
  title={La s{\'e}quence de l'Impresso-Cardial de l'abri Pendimoun et l'{\'e}volution des assemblages c{\'e}ramiques en Provence},
  author={Binder, Didier and S{\'e}n{\'e}part, Ingrid},
  journal={Premi{\`e}res societ{\'e}s paysannes de M{\'e}diterrann{\'e}e occidental. Structures des productions c{\'e}ramiques. M{\'e}moire},
  volume={51},
  pages={149-167},
  year={2010},
}

@article{Delibrias74,
  title={Gif natural radiocarbon measurements VIII},
  author={Delibrias, G and Guillier, MT and Labeyrie, J},
  journal={Radiocarbon},
  volume={16},
  number={1},
  pages={15-94},
  year={1974},
  publisher={Cambridge University Press}
}

@article{Delibrias82b,
  title={Gif natural radiocarbon measurements IX},
  author={Delibrias, Georgette and Guillier, Marie-Th{\'e}r{\`e}se and Labeyrie, Jacques},
  journal={Radiocarbon},
  volume={24},
  number={3},
  pages={291-343},
  year={1982},
  publisher={Cambridge University Press},
}

@article{Davison07,
  title={A Pan-European model of the Neolithic},
  author={Davison, Kate and Dolukhanov, Pavel M and Sarson, Graeme R and Shukurov, Anvar},
  journal={Documenta Praehistorica},
  volume={34},
  pages={139-154},
  year={2007},
}

@article{Barbaza84,
  title={Fondements chrono-culturels du m{\'e}solithique en Languedoc occidental},
  author={Barbaza, Michel and Guilaine, Jean and Vaquer, Jean},
  journal={Anthropologie (L')},
  volume={88},
  number={3},
  pages={345-365},
  year={1984}
}

@article{Rodriguez84,
  title={La grotte de Camprafaud: contribution {\`a} l'{\'e}tude du N{\'e}olithique en Languedoc central, Montpellier},
  author={Rodriguez, G},
  journal={Office r{\'e}gional de la culture du Languedoc-Roussillon},
  year={1984}
}

@article{Manning16,
  title={The cultural evolution of Neolithic Europe. EUROEVOL Dataset 1: Sites, phases and radiocarbon data},
  author={Manning, Katie and Colledge, Sue and Crema, Enrico and Shennan, Stephen and Timpson, Adrian},
  journal={Journal of Open Archaeology Data},
  volume={5},
  year={2016},
  publisher={Ubiquity Press},
  doi={10.5334/joad.40},
  url={http://dx.doi. org/10.5334/joad.40},
}

@article{Senepart14,
  title={Le M{\'e}solithique et le N{\'e}olithique ancien en Provence rhodanienne: occupations, chronologie et transition},
  author={S{\'e}n{\'e}part, Ingrid},
  journal={Chronologie de la Pr{\'e}histoire r{\'e}cente dans le Sud de la France, actes des 10e Rencontres m{\'e}ridio-finales de Pr{\'e}histoire r{\'e}cente (Porticcio, Corse, 18-20 octobre 2012), Toulouse, Archives d'{\'e}cologie pr{\'e}historique},
  pages={23-35},
  year={2014}
}

@article{Defranould18,
  title={Mesolithic and Neolithic material productions in Aveyron (France) during the 6th millennium BC: Originality or adaptability?},
  author={Defranould, Elsa and Caro, Jos{\'e}phine and Boboeuf, Marc and Manen, Claire and Perrin, Thomas},
  journal={Quaternary International},
  volume={472},
  pages={221-235},
  year={2018},
  publisher={Elsevier},
}

@article{Roussot92,
  title={Aux sources du N{\'e}olithique atlantique: le cardial, le danubien, et les autres},
  author={Roussot-Larroque, Julia and Burnez, Claude},
  journal={Revue arch{\'e}ologique de l'Ouest},
  pages={127-138},
  year={1992},
}

@article{Leduc14,
  title={Mesolithic occupation patterns at Auneau 'Le Parc du Ch{\^a}teau'(Eure-et-Loir--France): contribution of zooarchaeological analysis from two main pits to the understanding of type and length of occupation},
  author={Leduc, Charlotte and Verjux, Christian},
  journal={Journal of archaeological science},
  volume={47},
  pages={39-52},
  year={2014},
  publisher={Elsevier},
}

@article{Provost17,
  title={Une s{\'e}pulture collective {\`a} la transition des VIe et Ve mill{\'e}naires BCE: Mougins--Les Br{\'e}gui{\`e}res (Alpes-Maritimes, France). Fouilles Maurice Sechter 1966-1967},
  author={Provost, Suzon and Binder, Didier and Duday, Henri and Durrenmath, Gilles and Goude, Gwena{\"e}lle and Gourichon, Lionel and Delhon, Claire and Gentile, Ilenia and Vuillien, Manon and Zemour, Aur{\'e}lie},
  journal={Gallia Pr{\'e}histoire},
  number={57},
  pages={289-336},
  year={2017},
  publisher={CNRS {\'E}ditions},
}

@article{Philibert82,
title = {Le gisement pr{\'e}historique de Longetraye (Haute-Loire), avec un appendice de Claude Chopelin.},
author = {Philibert, Denise},
journal = {Revue arch{\'e}ologique du Centre de la France, tome 21, fascicule 1, 1982.},
year = {1982},
ISSN = {0220-6617},
url = {https://www.persee.fr/doc/racf_0220-6617_1982_num_21_1_2326},
doi = {10.3406/racf.1982.2326},
language = {fre},
}

@article{Evin02,
title = {{\'E}v{\'e}nements bio-climatiques et peuplements du Tardiglaciaire au d{\'e}but de l'Holoc{\`e}ne dans les Alpes du nord Fran{\c{c}}aises [Bio-climatic events and human settlements from the Lateglacial to the Holocene in the French Northern Alps]},
author = {Evin, Jacques and Bintz, Pierre},
journal = {Quaternaire, vol. 13, n. 3-4, 2002. {\'E}v{\'e}nements rapides, instabilit{\'e}s, changements culturels au Quaternaire.},
year = {2002},
ISSN = {1142-2904},
url = {https://www.persee.fr/doc/quate_1142-2904_2002_num_13_3_1720},
doi = {10.3406/quate.2002.1720},
language = {fre},
}

@book{Marchand99,
  title={La n{\'e}olithisation de l'ouest de la France: caract{\'e}risation des industries lithiques},
  author={Marchand, Gr{\'e}gor},
  year={1999},
  publisher={BAR Publishing}
}

@article{Ammerman71,
  title={Measuring the rate of spread of early farming in Europe},
  author={Ammerman, Albert J and Cavalli-Sforza, Luigi L},
  journal={Man},
  pages={674-688},
  year={1971},
  publisher={JSTOR}
}

@article{Binder02,
  title={Les occupations n{\'e}olithiques des Petites B{\^a}ties (Lamotte-du-Rh{\^o}ne, Vaucluse)},
  author={Binder, D and Jallot, L and Thiebault, S and others},
  journal={Arch{\'e}ologie du TGV M{\'e}diterran{\'e}e: fiches de synth{\`e}se},
  volume={1},
  pages={103-122},
  year={2002}
}

@article{Guilaine74b,
  title={La chronologie absolue du N{\'e}olithique languedo-cien d'apr{\`e}s les stratigraphies de la grotte Gazel et de l'abri de Font-Juv{\'e}nal. Approche g{\'e}ologique des quinze derniers mill{\'e}naires},
  author={Guilaine, Jean},
  journal={Bulletin de la Soci{\'e}t{\'e} languedocienne de G{\'e}ographie},
  volume={8},
  number={3-4},
  pages={293-299},
  year={1974}
}

@article{Guilaine74a,
  title={Stratigraphie et datations C 14 d'un gisement n{\'e}olithique languedocien: l'abri de Font-Juv{\'e}nal (Conques, Aude)},
  author={Guilaine, J and Thommeret, J},
  journal={L'Anthropologie},
  volume={78},
  number={2},
  pages={257-282},
  year={1974}
}

@article{Delibrias70, 
title={GIF Natural Radiocarbon Measurements V},
volume={12}, 
DOI={10.1017/S0033822200008171},
number={2},
journal={Radiocarbon},
publisher={Cambridge University Press},
author={Delibrias, G. and Guillier, M. T. and Labeyrie, J.},
year={1970},
pages={421-443}
}

@article{Philippe01,
title = {Le site, sa d{\'e}couverte et les recherches entreprises},
author = {Philippe, Michel and Guibot, Samuel},
journal = {Cahiers scientifiques du Mus{\'e}um d'histoire naturelle de Lyon - Centre de conservation et d'{\'e}tude des collections, tome 2, 2001.},
year = {2001},
ISSN = {1627-3516},
url = {https://www.persee.fr/doc/mhnly_1627-3516_2001_num_2_1_1315},
language = {fre},
}

@article{Delibrias82a,
  title={Sommaire des datations 14C concernant la pr{\'e}histoire en France: II-Dates parues de 1974 {\`a} 1982 Chapitre VI: N{\'E}OLITHIQUE: de environ 7000 BP {\`a} environ 4000 BP},
  author={Delibrias, Georgette and Evin, Jacques and Thommeret, Yolande},
  journal={Bulletin de la Soci{\'e}t{\'e} pr{\'e}historique fran{\c{c}}aise},
  pages={175-192},
  year={1982},
  publisher={JSTOR},
}

@inproceedings{Bodganovic17,
  title={Los {\'u}ltimos cazadores-recolectores en el NE de la Pen{\'i}nsula Ib{\'e}rica: evidencias de ocupaciones humanas durante el VI milenio cal BC},
  author={Bodganovic, Igor and Palomo, Antoni and Piqu{\'e}, Raquel and Rosillo, Rafael and Terradas-Batlle, Xavier},
  booktitle    = "Iber-Crono. Actas del congreso de Cronometrias Para la Historia de la Peninsula Iberica.",
  address      = "Barcelona",
  year={2017},
  organization={CEUR Workshop Proceedings}
}

@article{Elbiali89,
  title={Steinhausen ZG-Sennweid: Transition Horgen-Cord{\'e} en Suisse orientale},
  author={Elbiali, Nagui},
  journal={Jahrbuch der Schweizerischen Gesellschaft f{\"u}r Ur-und Fr{\"u}hgeschichte},
  volume={72},
  pages={232-236},
  year={1989}
}

@article{Evin73,
  title={Lyon natural radiocarbon measurements III},
  author={Evin, J and Marien, G and Pachiaudi, Ch},
  journal={Radiocarbon},
  volume={15},
  number={1},
  pages={134-155},
  year={1973},
  publisher={Cambridge University Press}
}

@article{Moreno06,
  title={El contexto cronom{\'e}trico y tecno-tipol{\'o}gico durante el Tardiglaciar y Postglaciar de la viertiente sur de los Pirineos orientales},
  author={Moreno, Jorge Mart{\'i}nez and Mora, Rafael and Casanova, Joel},
  journal={Revista d'arqueologia de Ponent},
  pages={7-44},
  year={2006}
}

@article{Martins15,
  title={Radiocarbon dating the beginning of the Neolithic in Iberia: new results, new problems},
  author={Martins, Haid{\'e} and Oms, F Xavier and Pereira, Lu{\'i}sa and Pike, Alistair WG and Rowsell, Keri and Zilh{\~a}o, Jo{\~a}o},
  journal={Journal of Mediterranean Archaeology},
  volume={28},
  number={1},
  pages={105-131},
  year={2015}
}

@book{Skeates15,
  title={Rethinking the North Italian Early Neolithic},
  author={Skeates, Robin},
  year={2015},
  publisher={Taylor \& Francis}
}

@article{Hinz12,
  title={RADON-Radiocarbon dates online 2012. Central European database of 14C dates for the Neolithic and the Early Bronze Age.},
  author={Hinz, Martin and Furholt, Martin and M{\"u}ller, Johannes and Rinne, Christoph and Raetzel-Fabian, Dirk and Sj{\"o}gren, Karl-G{\"o}ran and Wotzka, Hans-Peter},
  journal={Journal of Neolithic Archaeology},
  year={2012}
}

@inproceedings{Picavet91,
  title={Le site de la Grande Rivoire {\`a} Sassenage, Is{\`e}re},
  author={Picavet, R},
  booktitle={Actualit{\'e} de la recherche. Colloque},
  pages={83-90},
  year={1991}
}

@misc{Shennan00,
	author = {Shennan, Stephen and Steele, J},
	title = {Spatial and chronological patterns in the neolithisation of Europe (data-set)},
	year = {2000},
  publisher = {York: Archaeology Data Service},
  url       = {http://archaeologydataservice.ac.uk/archives/view/c14_meso/}
}

@article{Tappret96,
  title={Contribution de la Champagne {\`a} l'{\'e}tude du N{\'e}olithique ancien},
  author={Tappret, E and Villes, A},
  journal={La Bourgogne entre les bassins rh{\'e}nan, rhodanien et parisien: carrefour ou fronti{\`e}re},
  pages={175-256},
  year={1996}
}

@article{Guilaine79,
  title={L'abri Jean Cros},
  author={Guilaine, Jean and Gasc{\'o}, J and Vaquer, J and Barbaza, M and others},
  journal={Essai sur un groupe humain du N{\'e}olithique ancien dans son environnement. L'{\'E}cole des hautes {\'e}tudes en sciences sociales, Centre d'anthropologie des soci{\'e}t{\'e}s rurales. Toulouse},
  year={1979}
}

@article{Roudil79,
  title={La grotte de l'Aigle {\`a} M{\'e}jannes-le-Clap (Gard) et le N{\'e}olithique ancien du Languedoc oriental},
  author={Roudil, J-L and Roudil, Odile and Soulier, Marcel and Erroux, Jean and POULAIN, T},
  journal={M{\'e}moires de la Soci{\'e}t{\'e} Languedocienne de Pr{\'e}histoire Montpellier},
  volume={1},
  year={1979}
}

@article{Manen01,
  title={L'Aspre del Paradis {\`a} Corneilla-del-Vercol (Pyr{\'e}n{\'e}es-Orientales): contribution {\`a} l'{\'e}tude du N{\'e}olithique ancien et final roussillonnais},
  author={Manen, Claire and Vigne, Jean-Denis and Loirat, Denis and Bouby, Laurent},
  journal={Bulletin de la Soci{\'e}t{\'e} pr{\'e}historique fran{\c{c}}aise},
  pages={505-528},
  year={2001},
  publisher={JSTOR}
}

@article{Vaquer09,
  title={La grotte de l'Abeurador F{\'e}lines-Minervois (H{\'e}rault): occupations humaines et environnement du Tardiglaciaire {\`a} l'Holoc{\`e}ne},
  author={Vaquer, Jean and Ruas, Marie-Pierre},
  journal={De M{\'e}diterran{\'e}e et d'ailleurs, M{\'e}langes offerts a Jean Guilaine. Archives d'Ecologie Pr{\'e}historique, Toulouse},
  pages={761-792},
  year={2009}
}

@article{Saintot97,
  title={La maison chass{\'e}enne du site de Blagnat {\`a} Montmeyran (Dr{\^o}me)},
  author={Saintot, Sylvie},
  journal={Bulletin de la soci{\'e}t{\'e} pr{\'e}historique fran{\c{c}}aise},
  volume={94},
  number={2},
  pages={148-150},
  year={1997},
  publisher={Pers{\'e}e-Portail des revues scientifiques en SHS}
}

@InBook{Saintot02,
author = {Saintot, Sylvie},
publisher = {Monographies  d'arch\'eologie  m\'editerran\'eenne},
title = {Arch\'eologie  du  TGV  M\'editerran{\'e}e. Fiches de synth\`ese},
chapter = {La maison chass\'eenne du site de Blagnat \`a Montmeyran (Dr\'ome)},
year = {2002},
volume = {8},
pages = {19-22}
}

@article{Perrin21,
    doi = {10.1371/journal.pone.0246964},
    author = {Perrin, Thomas and Manen, Claire},
    journal = {PLOS ONE},
    publisher = {Public Library of Science},
    title = {Potential interactions between Mesolithic hunter-gatherers and Neolithic farmers in the Western Mediterranean: The geochronological data revisited},
    year = {2021},
    month = {03},
    volume = {16},
    pages = {1-21},
    number = {3}
}

@inproceedings{Perrin09,
  title={Le second M{\'e}solithique d'Europe occidentale: origines et gradient chronologique},
  author={Perrin, Thomas and Marchand, Gr{\'e}gor and Allard, Pierre and Binder, Didier and Collina, Carmine and Puchol, Oreto Garcia and Valdeyron, Nicolas},
  booktitle={Annales de la Fondation Fyssen},
  volume={24},
  pages={160-176},
  year={2009}
}

@article{Echallier94,
  title={Approche min{\'e}ralogique de la poterie du N{\'e}olithique ancien de la Baume Fontbr{\'e}goua {\`a} Salernes (Var)},
  author={Echallier, Jean-Claude and Courtin, Jean},
  journal={Gallia Pr{\'e}histoire},
  volume={36},
  number={1},
  pages={267-297},
  year={1994},
  publisher={CNRS Editions}
}

@inproceedings{Guilaine90,
  title={Le Chass{\'e}en de l'abri de Font-Juv{\'e}nal},
  author={Guilaine, J and Amiel, C and Barthes, P and Coularou, J and Vaquer, J},
  booktitle={Autour de Jean Arnal},
  pages={163-175},
  year={1990}
}

@article{Bailloud72,
  title={Datations C14 pour le site de Basi (Serra di Ferro, Corse)},
  author={Bailloud, G},
  journal={Bulletin de la Soci{\'e}t{\'e} Pr{\'e}historique Fran{\c{c}}aise},
  volume={69},
  number={3},
  pages={71-72},
  year={1972}
}

@book{Arnal83,
  title={La Grotte IV de Saint Pierre de la Fage (H{\'e}rault) et le n{\'e}olithique ancien du Languedoc},
  author={Arnal, Gaston-Bernard},
  year={1983},
  publisher={M{\'e}moire du Centre de Recherche arch{\'e}ologique du Haut-Languedoc},
  volume={3}
}

@InBook{Binder04b,
author = {Binder, Didier and S{\'e}n{\'e}part, Ingrid},
title = {Vaucluse pr{\'e}historique},
chapter = {Derniers chasseurs et premiers paysans de Vaucluse. M{\'e}solithique et N{\'e}olithique ancien: 7000-4700 av. J.-C.},
year = {2004},
pages = {131-162},
publisher = {SRA-PACA}
}

@inbook{Beeching87,
  chapter={Les gisements de la Baume de Ronze et de Rochas: contribution {\`a} l'{\'e}tude d'un groupe cardial C{\`e}ze-Ard{\`e}che et de ses prolongements septentrionaux},
  author={Beeching, Alain},
  title={Premi{\`e}res communaut{\'e}s paysannes en M{\'e}diterran{\'e}e occidentale},
  editor={Guilaine, Jean and Courtin, Jean and Roudil, Jean-Louis and Vernet, Jean-Louis},
  publisher={CNRS},
  pages={513-522},
  year={1987}
}

@article{Beeching95,
  title={Nouveau regard sur le N{\'e}olithique ancien et moyen du Bassin rhodanien},
  author={Beeching, Alain and others},
  journal={Chronologies n{\'e}olithiques. De},
  volume={6000},
  pages={93-112},
  year={1995}
}

@book{Beeching99,
  title={Circulations et identit{\'e}s culturelles alpines {\`a} la fin de la pr{\'e}histoire: Mat{\'e}riaux pour une {\'e}tude (Programme collectif CIRCALP - 1997/1998)},
  author={Beeching, A. and Affolter, J.},
  isbn={9782951347014},
  series={Travaux du Centre d'arch{\'e}ologie pr{\'e}historique de Valence},
  url={https://books.google.es/books?id=E6AqAQAACAAJ},
  year={1999},
  publisher={Centre d'arch{\'e}ologie pr{\'e}historique de Valence}
}

@book{Binder04a,
author = {Binder, Didier and Cade, Catherine and Desse-Berset, Nathalie and Dubar, Michel and Gassin, Bernard},
year = {2004},
month = {01},
pages = {80},
title = {Un chantier arch{\'e}ologique {\`a} la loupe. Giribaldi},
publisher = {Mus{\'e}e d'arch{\'e}ologie de Cimiez-Mus{\'e}e des Beaux-Arts Nice}
}


@article{Binder91,
  title={Une {\'e}conomie de chasse au n{\'e}olithique ancien. La grotte Lombard {\`a} Saint-Vallier-de-Thiey (Alpes-Maritimes)},
  author={Binder, Didier and Cataliotti-Valdina, J and {\'E}challier, J-C and Gandioli, J-F and Gassin, B},
  journal={Monographie du CRA},
  number={5},
  year={1991}
}

@InProceedings{Bintz95,
author = {Bintz, P.},
title = {Pr{\'e}histoire et Quaternaire en Vercors},
booktitle = {Ve colloque international UISPP, {\'E}pipal{\'e}olithique et M{\'e}solithique en Europe},
year = {1995}
}

@InProceedings{Coste87,
author = {Coste, A and Duday, Henry and Gutherz, Xavier and Roudil, J.-L.},
title = {Les s{\'e}pultures de la Balme Bourbon a Cabri{\`e}res (Gard)},
booktitle = {Premi{\`e}res communaut{\'e}s paysannes en M{\'e}diterran{\'e}e occidentale. Acte du colloque international du CNRS (Montpellier, 26-29 avril 1983},
pages = {532-535},
year = {1987},
editor = {Guilaine, Jean}
}

@article{Evin71,
  title={Lyon natural radiocarbon measurements II},
  author={Evin, J and Longin, R and Marien, G and Pachiaudi, Ch},
  journal={Radiocarbon},
  volume={13},
  number={1},
  pages={52-73},
  year={1971},
  publisher={Cambridge University Press}
}

@article{Furestier12,
  title={{\'E}volution du Chass{\'e}en montpelli{\'e}rain: premiers r{\'e}sultats des fouilles pr{\'e}ventives du site de la ZAC Saint-Antoine {\`a} Saint-Aun{\`e}s (H{\'e}rault)},
  author={Furestier, Robin and Sendra, Beno{\^\i}t and Gourlin, Bertrand and Cockin, Guy and Gourichon, Lionel and Howarth, Luke and L{\'e}a, Vanessa and Legrand, Alexandra and Lep{\`e}re, C{\'e}dric and Michel, Juliette and others},
  journal={Dynamismes et rythmes {\'e}volutifs des soci{\'e}t{\'e}s de la Pr{\'e}histoire r{\'e}cente. Actualit{\'e} de la recherche: Actes des 9e Rencontres M{\'e}ridionales de Pr{\'e}histoire R{\'e}cente, Saint-Georges-de-Didonne (17)-8 \& 9 octobre 2010},
  pages={197-214},
  year={2012}
}

@article{Berger16,
  title={A fluvial record of the mid-Holocene rapid climatic changes in the middle Rhone valley (Espeluche-Lalo, France) and of their impact on Late Mesolithic and Early Neolithic societies},
  author={Berger, Jean-Fran{\c{c}}ois and Delhon, Claire and Magnin, Fr{\'e}d{\'e}ric and Bont{\'e}, Sandrine and Peyric, Dominique and Thi{\'e}bault, St{\'e}phanie and Guilbert, Raphaele and Beeching, Alain},
  journal={Quaternary Science Reviews},
  volume={136},
  pages={66-84},
  year={2016},
  publisher={Elsevier}
}

@article{Buisson01,
  title={Un gisement de plein air du N{\'e}olithique ancien {\`a} C{\'e}ron (Venasque, Vaucluse)},
  author={Buisson-Catil, J},
  journal={Bulletin du groupe arch{\'e}ologique de Carpentras et de sa r{\'e}gion},
  volume={12},
  pages={40-45},
  year={2001}
}

@inproceedings{Cesari11,
  title={Le Site de Campu Stefanu (Sollacaro, Corse-du-Sud) une occupation du N{\'e}olithique ancien et du M{\'e}solithique dans le contexte corso-sarde},
  author={Cesari, Joseph and Courtaud, Patrice and Leandri, Franck and Perrin, Thomas and Manen, Claire},
  booktitle={La transition n{\'e}olithique en M{\'e}diterran{\'e}e. Actes du colloque Transitions en M{\'e}diterran{\'e}e, ou comment des chasseurs devinrent agriculteurs, Mus{\'e}um de Toulouse},
  pages={283-305},
  year={2011},
  organization={Errance et Archives d'Ecologie Pr{\'e}historique}
}

@article{Cesari08,
  title={D{\'e}couverte r{\'e}cente d'un habitat pr{\'e}-et protohistorique dans la basse vall{\'e}e du Taravo: Campu Stefanu (Sollacaro, Corse-du-Sud)},
  author={Cesari, J and Bressy-Leandri, C and Demouche, F and Leandri, F and Nebbia, P and P{\^e}che-Quilichini, K},
  journal={Marges, fronti{\`e}res et transgressions, pr{\'e}actes des 8e RMPR},
  pages={36},
  year={2008}
}

@article{Costa04b,
title = {Nouvelles donn{\'e}es sur le M{\'e}solithique des {\^i}les Tyrrh{\'e}niennes (Corse et Sardaigne)},
subtitle = {Peut-on parler d'un "M{\'e}solithique insulaire" ?},
author = {Costa, Laurent Jacques},
journal = {Gallia pr{\'e}histoire, tome 46, 2004.},
year = {2004},
ISSN = {0016-4127},
doi = {10.3406/galip.2004.2043}
}

@phdthesis{Costa04a,
  title={Espaces et productions lithiques taill{\'e}es en Corse (9{\`e}me-2{\`e}me mill{\'e}naire cal. BC)},
  author={Costa, Laurent},
  year={2004},
  school={Paris 10}
}

@MastersThesis{Delcos96,
author = {Delcos, N},
title = {Le N{\'e}olithique moyen dans les stratigraphies de la France m{\'e}diterran{\'e}enne. Inventaire de la documentation et m{\'e}thodologie envisag{\'e}e},
school = {EHESS-Toulouse},
year = {1996}
}

@article{Dufay95,
  title={La chronologie du NMB de la grotte de la Molle Pierre {\`a} Mavilly-Mandelot (C{\^o}te d'Or)},
  author={Dufay-Galan, A},
  journal={Chronologies n{\'e}olithiques, de},
  volume={6000},
  pages={163-166},
  year={1995}
}

@article{Escalon70,
  title={Grotte de Montclus},
  author={Escalon de Fonton, M},
  journal={Gallia-Pr{\'e}histoire},
  volume={3},
  pages={53},
  year={1970}
}

@inproceedings{Gassin00,
  title={Stratigraphie et datations des occupations n{\'e}olithiques du site de l'usine Chiris (Grasse, 06): une contribution {\`a} la chronologie du Chass{\'e}en proven{\c{c}}al},
  author={Gassin, Bernard and Luzi, Caroline and Bevilacqua, Roberta},
  booktitle={Temps et espaces culturels. Du 6e au 2e mill{\'e}naire en France du Sud},
  pages={401-408},
  year={2000},
  organization={Association pour le D{\'e}veloppement de l'Arch{\'e}ologie en Languedoc-Roussillon}
}

@article{Guilbert04,
  title={Le site de Gramari: une nouvelle approche},
  author={Guilbert, R and Berger, Jean-Francois and Thery-Parisont, Isabelle},
  journal={5e Rencontres M{\'e}ridionales de Pr{\'e}histoire r{\'e}cente, Clermont-Ferrand},
  pages={8-9},
  year={2004}
}

@TechReport{Marty07,
author = {Marty, Fr{\'e}d{\'e}ric and Furestier, Robin},
title = {Istres Sivier [notice arch{\'e}ologique]},
institution = {ADLFI. Arch{\'e}ologie de la France - Informations},
year = {2007},
url = {http://journals.openedition.org/adlfi/6609}
}

@article{Lanfranchi72,
  title={Le n{\'e}olithique ancien de l'abri d'Araguina-Sennola},
  author={Lanfranchi, F de and Weiss, MC},
  journal={Bulletin de la Soci{\'e}t{\'e} Pr{\'e}historique Fran{\c{c}}aise},
  volume={69},
  pages={376-388},
  year={1972}
}

@InProceedings{Lea04,
author = {L{\'e}a, Vanessa and Gassin, Bernard and Briois Francois},
title = {Les productions sur galets locaux du N{\'e}olithique moyen du sud de la France},
booktitle = {Auvergne et Midi. Ve Rencontres m{\'e}ridionales de Pr{\'e}histoire r{\'e}cente},
pages = {395-404},
year = {2004},
editor = {Dartevelle, H.},
}

@Book{Lepage92,
author = {Lepage, L.},
title = {La Vergenti{\`e}re \`a Cohons : du N{\'e}olithique au Bronze final},
publisher = {Mus{\'e}es de la Ville de Langres},
year = {1992}
}

@phdthesis{Lepere09,
author = {Lep{\`e}re, C{\'e}dric},
year = {2009},
month = {12},
school = {Universit{\'e} Aix-Marseille 1},
title = {Identit{\'e}s et transferts culturels ans le domaine circumalpin : l'exemple des productions c{\'e}ramiques du chass{\'e}en proven\c{c}al}
}

@article{Magdeleine95,
title = {Pr{\'e}histoire du Cap Corse : les abris de Torre d'Aquila, Pietracorbara (Haute-Corse)},
author = {Magdeleine, Jacques},
journal = {Bulletin de la Soci{\'e}t{\'e} pr{\'e}historique fran\c{c}aise, tome 92, n. 3, 1995.},
year = {1995},
ISSN = {0249-7638},
url = {https://www.persee.fr/doc/bspf_0249-7638_1995_num_92_3_10037},
doi = {10.3406/bspf.1995.10037},
}

@article{Magdeleine85,
  title={Les premi{\`e}res occupations humaines de l'abri de Strette Barbaghju},
  author={Magdeleine, J},
  journal={Archeologia corsa},
  volume={8},
  pages={30-39},
  year={1985}
}

@Book{Mazet16,
  title={La n{\'e}olithisation de la haute montagne corse: l'Abri des Castelli, 2 140 m d'altitude (commune de Corte, centre-Corse)},
  author={Mazet, Sylvain and Marini, Nathalie-Anne and Jean-Michel, Bontempi and Boschian, Giovanni},
  year={2016},
  publisher={CNRS EDITIONS}
}

@book{Perrin14,
  title={Le N{\'e}olithique ancien de la plaine de N{\^\i}mes (Gard, France)},
  author={Perrin, Thomas and Manen, Claire and S{\'e}jalon, Pierre and Bellot-Gurlet, Ludovic},
  year={2014},
  publisher={Archives d'{\'e}cologie pr{\'e}historique}
}

@Book{Remicourt14,
        author={Remicourt, Maxime and Andrieu-Ponel, Val{\'e}rie and Audibert, C{\'e}dric and Baradat, Audrey and Battentier, Janet and Blaise, Emilie and Bonnardin, Sandrine and Caverne, Jean-Baptiste and Fernandes, Paul and Furestier, Robin and Girard, Benjamin and Lachenal, Thibault and Lep\`ere, C{\'e}dric and Locatelli, Christine and Martin, Lucie and Parisot,Nina and Ponel,Philippe and Pousset,Didier and Ru{\'e},Mathieu and Schmitt,Aurore and S{\'e}n{\'e}part,Ingrid and Thirault,Eric},
        editor={S{\'e}n{\'e}part, I. and Leandri, F. and Cauliez, J. and Perrin, T. and Thirault, E.},
        year={2014},
        title={Les occupations pr{\'e}- et protohistoriques du Clos de Roque {\`a} Saint-Maximin-la-Sainte-Baume dans le Var},
        series={Chronologie de la Pr{\'e}histoire r{\'e}cente dans le Sud de la France. Acquis 1992-2012. Actualit{\'e} de la recherche. Actes des 10e Rencontres M{\'e}ridionales de Pr{\'e}histoire R{\'e}cente},
        publisher={Archives d'{\'E}cologie Pr{\'e}historique},
        address={Toulouse},
        pages={523-548},
        isbn={978-2-35842-012-9},
        url={https://archive-ouverte.unige.ch/unige:40877}
}

@book{Seara02,
  title={Campements m{\'e}solithiques en Bresse jurassienne: Choisey et Ruffey-sur-Seille},
  author={S{\'e}ara, Fr{\'e}d{\'e}ric and Rotillon, Sylvain and Cupillard, Christophe},
  year={2002},
  publisher={Documents d'Arch{\'e}ologie fran{\c{c}}aise}
}

@article{Thevenot05,
  title={Le camp de Chassey},
  author={Th{\'e}venot, JP},
  journal={Sa{\^o}ne-et-Loire, les niveaux n{\'e}olithiques du rempart de la Redoute, Dijon, Soci{\'e}t{\'e} arch{\'e}o logique de l'Est (Suppl{\'e}ment {\`a} la Revue arch{\'e}ologique de l'Est, 22)},
  year={2005}
}

@article{Thirault16,
  title={Un nouveau {\guillemotleft}tr{\`e}s grand site{\guillemotright} du IV e mill{\'e}naire dans le Sud de la France: L'apport du chantier {\guillemotleft}Cazan l'H{\'e}riti{\`e}re 2008{\guillemotright} {\`a} Vern{\`e}gues (Bouches-du-Rh{\^o}ne)},
  author={Thirault, {\'E}ric and L{\'e}a, Vanessa and Lep{\`e}re, C{\'e}dric and Vannieuwenhuyse, Dorcas},
  journal={Bulletin de la Soci{\'e}t{\'e} pr{\'e}historique fran{\c{c}}aise},
  volume={113},
  number={3},
  pages={523-570},
  year={2016},
  publisher={JSTOR}
}

@article{Vaquer98,
  title={Les s{\'e}pultures du N{\'e}olithique moyen en France m{\'e}diterran{\'e}enne},
  author={Vaquer, Jean},
  journal={S{\'e}pultures d'Occident et g{\'e}neses des m{\'e}galithismes (9000-3500 avant notre \`ere)},
  pages={165-186},
  year={1998}
}

@Misc{Banadora21,
author = {Banadora},
year={2021},
title = {BAnque NAtionale de DOnn{\'e}es RAdiocarbone},
howpublished = {\url{https://www.arar.mom.fr/banadora/}},
note = {Accessed: 2021-05-15},
}

@article{Baills93,
author = {Baills, Henry and Guerroumi, Robert},
year = {1993},
month = {01},
pages = {9-70},
title = {L'abri de la Coma Franc{\`e}ze. Salses 66. Occupation d'un abri au N{\'e}olithique ancien et au Chalcolithique},
volume = {XII},
journal = {Etudes Roussillonnaises}
}

@article{Pion90,
author = {Pion, Gilbert and Billard, Michel and Bintz, Pierre and Caillat, Bernard and Cataliotti-Valdina, Jean and Durand, Jean-Marc and Girard, Michel and Monjuvent, Guy},
year = {1990},
month = {01},
pages = {},
title = {L'abri de La Fru {\`a} Saint-Christophe (Savoie)},
volume = {32},
journal = {Gallia pr{\'e}histoire},
doi = {10.3406/galip.1990.2277}
}

@article{Salotti08,
author = {Salotti, Michelle and Louchart, Antoine and Bailon, Salvador and Lorenzo, Sophie and Oberlin, Christine and Ottaviani-Spella, Marie-Madeleine and Elisabeth, Pereira and Tramoni, Pascal},
year = {2008},
month = {07},
pages = {15-34},
title = {A Teppa di U Lupinu Cave (Corsica, France) - human presence since 8500 years BC, and the enigmatic origin of the earlier, late Pleistocene accumulation},
volume = {51},
journal = {Acta Zoologica Cracoviensia - Series A: Vertebrata},
doi = {10.3409/azc.51a_1-2.15-34}
}

@article{Vital99,
title = {Roynac le Serre 1 (Dr{\^o}me) : une nouvelle s{\'e}quence holoc{\`e}ne en Valdaine et ses occupations des Ages des m\'etaux},
author = {Vital, Jo{\"e}l and Rimbault, Sylvie and Durand, Juliette and Reynier, Patrice and Brochier, Jacques-L\'eopold and Prost, Dominique Christian},
journal = {Bulletin de la Soci\'et\'e pr\'ehistorique fran\c{c}aise, tome 96, n. 2, 1999.},
year = {1999},
ISSN = {0249-7638},
url = {https://www.persee.fr/doc/bspf_0249-7638_1999_num_96_2_10945},
doi = {10.3406/bspf.1999.10945},
}

@article{Tcheremissinoff16,
  title={Les s{\'e}pultures fontbuxiennes en petits hypog{\'e}es domestiques du site de Fum{\'e}rian {\guillemotleft}Zac multi-sites{\guillemotright} {\`a} Manduel (N{\^\i}mes, Gard)},
  author={Tch{\'e}r{\'e}missinoff, Yaramila and Donat, Richard and Hasler, Anne and Cabut, Sandrine and Grimaud, Julie and Escallon, Gilles and Ferraz, Ana Lucia and others},
  journal={Pr{\'e}histoires M{\'e}diterran{\'e}ennes},
  number={5},
  year={2016},
  publisher={Association pour la promotion de la pr{\'e}histoire et de l'anthropologie}
}

@article{Senepart98,
  title={Donn{\'e}es r{\'e}centes sur le site cardial du Baratin (Courth{\'e}zon, Vaucluse)},
  author={S{\'e}n{\'e}part, Ingrid and D'Anna, A and Binder, D},
  journal={Recontres m{\'e}ridionales de Pr{\'e}histoire r{\'e}cente (Arl{\`e}s, 1996). Deuxi{\`e}me session},
  pages={427-434},
  year={1998}
}

@Article{Roudil96,
author = {Roudil, J.-L.},
title = {C{\'e}ramiques cardiales de la grotte de Chazelles, Saint-Andr{\'e}-de-Cruzi\`ere},
journal = {Ard{\`e}che Arch{\'e}ologie},
year = {1996},
volume = {13},
pages = {30-35}
}

@InProceedings{Roudil84,
author = {Roudil, J.-L. and Soulier, M.},
title = {Le N{\'e}olithique ancien de la baume d'Oullins, Le Garn},
booktitle = {Influences m{\'e}ridionales dans l'Est et le Centre-Est de la France au N{\'e}olithique : le r{\^e}le du Massif central, Colloque interr{\'e}gional sur le N{\'e}olithique, 8, Le Puy-en-Velay, octobre 1981},
pages = {30-35},
year = {1984},
volume = {8},
publisher = {Centre de Recherche et d'{\'E}tudes pr{\'e}historiques de l'Auvergne}
}

@article{Rey05,
  title={Premiers r{\'e}sultats des fouilles arch{\'e}ologiques en cours sur le site du Chenet des Pierres aux Moulins de Bozel (Savoie)},
  author={Rey, Pierre-J{\'e}r{\^o}me},
  journal={Revue savoisienne},
  pages={111-119},
  year={2005}
}

@article{Mahieu91,
title = {La s{\'e}pulture {\'e}picardiale de Barret-de-Lioure (Dr\'ome)},
author = {Mahieu, {\'E}ric and Pahin-Peytavy, Anne-Claude},
journal = {Bulletin de la Soci{\'e}t{\'e} pr{\'e}historique fran\c{c}aise, tome 88, n. 3},
year = {1991},
ISSN = {0249-7638},
url = {https://www.persee.fr/doc/bspf_0249-7638_1991_num_88_3_9461},
doi = {10.3406/bspf.1991.9461},
}

@article{Martzluff87,
  title={La Cova de l'Esp{\'e}rit: bilan des dernieres recherches et nouveaux apports sur le M{\'e}solithique et le N{\'e}olithique des Pyr{\'e}n{\'e}es Orientales},
  author={Martzluff, M and Abelanet, J},
  journal={Etudes Roussillonnaises offertes a Pierre Ponsicli},
  pages={99-113},
  year={1987}
}

@article{Lanfranchi97,
  title={Le N{\'e}olitique ancien: l'introduction du pastoralisme dans l'{\^\i}le},
  author={Lanfranchi, F de and Weiss,  M.-C.},
  journal={F. Lanfranchi et M.-C. Weiss dir., L'aventure pr{\'e}historique humaine en Corse, Albiana, Ajaccio},
  pages={80-110},
  year={1997}
}

@Article{Gilles88,
author = {Gilles, R.},
title = {La grotte de Saint-Marcel (Ard{\`e}che)},
journal = {Ard{\`e}che Arch{\'e}ologie},
year = {1988},
volume = {5},
pages = {1-50}
}

@inproceedings{Coye98,
  title = {Des occupations du N{\'e}olithique moyen {\`a} Saint-Antoine (Vitrolles, Hautes-Alpes). R{\'e}sultats pr{\'e}liminaires.},
  author = {Coye, No{\"e}l and Mahieu, Eric and Perrin, Thomas},
  url = {https://hal.archives-ouvertes.fr/hal-00266663},
  booktitle = {Des occupations du N{\'e}olithique moyen {\`a} Saint-Antoine (Vitrolles, Hautes-Alpes). R{\'e}sultats pr{\'e}liminaires.},
  address = {Arles, France},
  publisher = {{APDCA}},
  pages = {415-425},
  year = {1998}
}

@techreport{Vergely12,
  title = {Les occupations humaines du Barreau de la Dev{\`e}ze Sud: autoroute A75, section B{\'e}ziers - P{\'e}zenas H{\'e}rault, B{\'e}ziers. vol. 1 : 438 p ; vol. 2 : 238 p ; 344 fig},
  author = {Verg{\'e}ly, H{\'e}l{\`e}ne and Haurillon, Roland and Sanchez, Guilhem and Caillat, Pierre and Donat, Richard and Ecart, Philippe and Figueiral, Isabel and Forest, Pierre and Gandelin, Muriel and B. Garnier, Nicolas and Giraud, C{\'e}cile and Hamon, Caroline and Laurent, Sarah and Martin, Sophie and Pallier, C{\'e}line and Pell{\'e}, Richard and Remicourt, Maxime and Rascalou, Pierre and Tardy, Christophe and Tch{\'e}r{\'e}missinoff, Yaramila and Verdin, Pascal and Vinolas, Fr{\'e}d{\'e}ric and Wattez, Julia},
  url = {https://hal.archives-ouvertes.fr/hal-02043172},
  type = {Research Report},
  institution = {Inrap Medit{\'e}rran{\'e}e},
  year = {2012}
}

@article{LeBras06,
  title={L'homme de Rastel (Peillon, Alpes-Maritimes, France): nouvelles donn{\'e}es isotopiques (d13C et d15N), radiom{\'e}triques et arch{\'e}ologiques},
  author={Le Bras-Goude, Gwena{\"e}lle and Binder, Didier and Simon, Patrick and Richards, Mike},
  journal={Bulletin du Mus{\'e}e d'Anthropologie pr{\'e}historique de Monaco},
  volume={46},
  pages={84-88},
  year={2006}
}

@misc{Forenbaher14,
  title={{\v{S}}irenje zemljoradnje na isto{\v{c}}nom Jadranu u svjetlu novih radiokarbonskih datuma},
  author={Forenbaher, Sta{\v{s}}o and Miracle, PT},
  year={2014},
  publisher={Diadora}
}

@article{Biagi16,
  author = {Biagi, Paolo and Starnini, Elisabetta},
  title = {La Cultura della Ceramica Impressa nella Liguria di Ponente (Italia Settentrionale): Distribuzione, cronologia e aspetti cult},
  journal = {TV SIP},
  volume = {119},
  pages = {35-49},
  year = {2016},  
  publisher = {Museu de Prehist{\`o}ria de Val{\`e}ncia}
}

@article{Gassiot19,
  title={Din{\'a}micas de ocupac{\'o}n de una cueva redil del Neo{\'i}tico Antiguo: H{\'a}bitat, {\'a}reas de trabajo y estabulac{\'o}n en Coro Trasito (Tella-Sin, Sobrarbe)},
  author={Ballb{\`e}, Ermengol Gassiot and Conte, Ignacio Clemente and Lanaspa, Javier Rey and G{\'o}mez, Laura Obea and Bonilla, Sara D{\'i}az and Baiges, Guillem Salvador},
  journal={NOVIEMBRE},
  year={2019},
  pages={29}
}

@InProceedings{Gassiot20,
  title={Des de la prehist{\`o}ria fins a l'actualitat: les ocupacions de l'Abric de les Obagues de Ratera, al Parc Nacional d'Aig{\"u}estortes i Estany de Sant Maurici (Espot)},
  author={Gassiot Ballb{\`e}, Ermengol and Clemente-Conte, Ignacio and D{\'i}az Bonilla, Sara and Mazzucco, Niccol{\`o} and Obea, Laura and Rodr{\'i}guez Ant{\'o}n, David and Salvador, Guillem},
  year={2019},
  publisher={Generalitat de Catalunya},
  booktitle={SEGONES JORNADES D'ARQUEOLOGIA I PALEONTOLOGIA  DEL PIRINEU I ARAN}
}

@article{Visentini04,
  title={Preliminari considerazioni sulle ultime fasi del Neolitico dell'Italia Settentrionale alla luce dei recenti ritrovamenti e delle nuove datazioni assolute},
  author={Visentini, P and Bernab{\`o} Brea, M and Kromer, B and Fasani, L and Balzani, L and Balzani, P and Talamo, Sahra},
  journal={Bollettino del Museo Civico di Storia Naturale di Verona},
  volume={28},
  pages={133-146},
  year={2004},
  publisher={Museo Civico di Storia Naturale}
}

@InProceedings{Fabbri11,
  author       = {Fabbri, C. and Petrinellipannocchia, C. and Radi, Giovanna},
  booktitle    = {III convegno di Archeologia},
  title        = {Colle Santo Stefano di Ortucchio (aq). Evoluzione della ceramica e dell'industria litica a confronto},
  year         = {2011},
  organization = {DVG Studio},
  pages        = {119-131},
}

@article{Muntoni11,
  title={La cronologia delle miniere di selce del Gargano nel quadro della Preistoria recente dell'Italia sud-orientale},
  author={Muntoni, Italo Maria and Tarantini, Massimo},
  journal={La cronologia delle miniere di selce del Gargano nel quadro della Preistoria recente dell'Italia sud-orientale},
  pages={41-49},
  year={2011},
  publisher={All'insegna del giglio}
}

@article{Rosini05,
  title={La ceramica del sito di Ripabianca di Monterado (Ancona) e le coeve produzioni dell'Italia centro-settentrionale},
  author={Rosini, Martina and Sarti, Lucia and Silvestrini, Mara},
  journal={La ceramica del sito di Ripabianca di Monterado (Ancona) e le coeve produzioni dell'Italia centro-settentrionale},
  pages={225-263},
  year={2005},
  publisher={Istituto italiano di preistoria e protostoria}
}

@article{Biagi97,
  title={Recenti ricerche sul Mesolitico della Valcamonica (Brescia)},
  author={Biagi, Paolo},
  journal={Bollettino del Centro camuno di Studi Preistorici},
  volume={30},
  pages={23-40},
  year={1997}
}

@article{Nisbet08,
  title={Wood use and agriculture at Villandro/Villanders (Bolzano/Bozen, alto Adige/South Tyrol): the charred remains from Mesolithic to middle ages},
  author={Nisbet, RENATO},
  journal={Atti Soc Preist Protost Friuli-VG, Trieste},
  volume={16},
  pages={2006-2007},
  year={2008}
}

@article{Diniz01,
  title={Uma data{\c{c}}{\~a}o absoluta para o s{\'i}tio do Neol{\'i}tico Antigo da Valada do Mato, {\'E}vora},
  author={Diniz, Mariana},
  journal={Revista Portuguesa de Arqueologia},
  volume={4},
  number={2},
  pages={111-114},
  year={2001},
  publisher={Instituto Portugu{\^e}s de Arqueologia}
}

@inbook{Rojo11,
  chapter={El valle de Ambrona y la provincia de Soria: La L{\'a}mpara, la Revilla del Campo y el Abrigo de la Dehesa/Carlos {\'A}lvarez},
  author={Rojo Guerra, Manuel A and Garrido Pena, Rafael and Garc{\'i}a Mart{\'i}nez-de-Lagr{\'a}n, {\'I}{\~n}igo and Alday Ruiz, Alfonso and Garc{\'i}a Gaz{\'o}laz, Jes{\'u}s and Sesma Sesma, Jes{\'u}s},
  year={2011},
title = {LAS PRIMERAS PRODUCCIONES CERAMICAS: EL VI MILENIO CAL AC EN LA PENINSULA IBERICA},
pages = {105-109},
publisher = {SAGVNTVM}
}

@article{GarciaPuchol06,
  title={3.2. El Abric de la Falguera. Trabajos, estratigraf{\'i}a y secuencia},
  author={Puchol, O Garc{\'i}a and Balaguer, Ll Molina and Tortosa, JE Aura},
  journal={El Abric de la Falguera (Alcoi, Alacant)},
  pages={97},
  year={2006}
}

@article{Mingo17,
  title={Cronometr{\'i}a del proceso de neolitizaci{\'o}n en los Campos de Hell{\'i}n y la cuenca baja del r{\'i}o Mundo (Albacete)},
  author={Mingo, Alberto and Barba, Jes{\'u}s and Cubas, Miriam Miriam and Franc{\'e}s, Valeria and Izquierdo, Luis},
  journal={IberCrono 2016 Cronometr{\'i}as Para la Historia de la Pen{\'i}nsula Ib{\'e}rica},
  pages={25-34},
  year={2017}
}

@Article{Laborda17,
  author    = {Laborda, Rafael},
  journal   = {El Arenal de Fonseca (Castellote, Teruel): ocupaciones prehist{\'o}ricas del Gravetiense al Neol{\'i}tico},
  title     = {7.7. Estudio de los restos cer{\'a}micos de los abrigos de {\'A}ngel 1 y 2},
  year      = {2017},
  pages     = {213},
  volume    = {52},
  publisher = {Prensas de la Universidad de Zaragoza},
}

@article{Barandiaran97,
  title={El paleol{\'i}tico y el epipaleol{\'i}tico. Arqueolog{\'i}a de Vasconia Peninsular},
  author={Barandiar{\'a}n, Ignacio},
  journal={Isturitz},
  volume={7},
  pages={5-21},
  year={1997}
}

@article{AlcaldeSana17,
  title={Mesolithic occupations in Bauma de Serrat del Pont, 7500-6500 cal BC: new data on the last hunter-gatherer populations in northeast Iberia},
  author={Alcalde, Gabriel and Sa{\~n}a, Maria},
  journal={Mesolithic Miscellany},
  volume={25},
  number={1},
  pages={3-10},
  year={2017}
}

@article{Ruiz12,
  title={Morfolog{\'i}a dental en poblaciones mesol{\'i}ticas y neol{\'i}ticas del Mediterr{\'a}meo. Una aproximaci{\'o}n a las relaciones filogen{\'e}ticas entre poblaciones mesol{\'i}ticas y neol{\'i}ticas del levante peninsular a partir de la morfolog{\'i}a dental.},
  author={Ruiz, Jordi and Muncunill, Josep and Fontanals-Coll, Maria and Subir{\`a}, M Eul{\`a}lia},
  journal={Rubricatum: revista del Museu de Gav{\`a}},
  pages={79-86},
  year={2012}
}

@article{Diaz17,
  title={Una tumba en una aldea del V milenio ane A prop{\'o}sito de la inhumaci{\'o}n en fosa del yacimiento neol{\'i}tico del Cam{\'i} de Missena (La Pobla del Duc, Valencia)},
  author={D{\'i}az, Jorge A Soler and de Togores Mu{\~n}oz, Consuelo Roca and Beneyto, Josep Pascual and Ruiz, Marina Lozano and P{\'e}rez, Olga G{\'o}mez and Mateu, Manuel P{\'e}rez and Alberola, Silvia Roca},
  journal={Marq, arqueolog{\'i}a y museos},
  number={8},
  pages={23-56},
  year={2017},
  publisher={Museo Arqueol{\'o}gico de Alicante-MARQ}
}

@article{Diazdelrio11,
  title={Time for action. The chronology of mining events at Casa Montero (Madrid, Spain)},
  author={D{\'i}az del R{\'i}o, Pedro and Consuegra, Susana},
  year={2011},
  journal = {Proceedings of the 2nd International Conference of the ISPP. Commission on Flint Mining in Pre- And Protohistoric Times},
	pages = {221-229},
}


@article{MartinezFernandez10,
  title={Contextualizaci{\'o}n cronol{\'o}gica y an{\'a}lisis tecno-tipol{\'o}gico de los artefactos tallados del Neol{\'i}tico antiguo de los Castillejos (Montefr{\'i}o, Granada)},
  author={Mart{\'i}nez Fern{\'a}ndez, G and Afonso Marrero, JA and C{\'a}mara Serrano, JA and Molina Gonz{\'a}lez, F},
  journal={Promontoria},
  volume={15},
  pages={163-172},
  year={2010}
}

@article{Espejo13,
  title={El aprovechamiento de la campi{\~n}a entre Teba y Ardales (M{\'a}laga) por los agricultores del Neol{\'i}tico},
  author={Espejo-Herrer{\'i}as, Mar{\'i}a del Mar and Cabello-Ligero, Lidia and Cantalejo-Duarte, Pedro and Becerra-Mart{\'i}n, Seraf{\'i}n and Ramos Mu{\~n}oz, Jos{\'e} and Ledesma-Conejo, Patricia and Santos-Ar{\'e}valo, Francisco J and Pe{\~n}a Chocarro, Leonor and others},
  journal={Mainake},
  year={2013},
  pages={227-244},
}

@article{RuizTaboada99,
  title={Ocupaciones neol{\'i}ticas en Cerro Virtud: estratigraf{\'i}a y dataciones},
  author={Ruiz, Ignacio Montero and Taboada, Arturo Ruiz},
  journal={SAGVNTVM Extra},
  volume={2},
  pages={207-211},
  year={1999}
}

@article{ClementeConte14,
  title={"Cort o Transito" -Coro Trasito- o corral de tr{\'a}nsito: una cueva pastoril del Neol{\'i}tico antiguo en el coraz{\'o}n de Sobrarbe},
  author={Conte, Ignacio Clemente and Ballb{\`e}, Ermengol Gassiot and Lanaspa, Javier Rey and Mazzucco, Niccol{\`o} and G{\'o}mez, Laura Obea},
  journal={Sobrarbe antes de Sobrarbe Pinceladas de historia de los Pirineos},
  pages={11},
  year={2014}
}

@article{Cabanilles08,
  title={La fase C del Epipaleol{\'i}tico reciente: lugar de encuentro o l{\'i}nea divisoria. Reflexiones en torno a la neolitizaci{\'o}n en la fachada mediterr{\'a}nea peninsular},
  author={Cabanilles, Joaquim Juan and Oliver, Bernat Mart{\'i}},
  journal={Veleia},
  number={24-25},
  year={2008}
}

@inbook{Soler12,
  chapter={Dataciones absolutas de la Cova d'En Pardo sobre muestras de sedimento y hueso extra{\'i}das entre 1994 y 2006},
  author={Soler D{\'i}az, Jorge A and Garc{\'i}a Ati{\'e}nzar, Gabriel and Ferrer Garc{\'i}a, Carles and Roca de Togores Mu{\~n}oz, Consuelo and others},
  publisher={Fundaci{\'o}n CV MARQ},
  title={Cova d'En Pardo : arqueolog{\`i}a en la memoria : excavaciones de M. Tarradell, V. Pascual y E. Llobregat (1961-1965), cat\`alogo de materiales del Museo de Alcoy y estudios a partir de las campa{\~n}as del MARQ (1993-2007) en la cavidad de Planes, Alicante},
  year={2012}
}

@article{Oms16,
  title={La Cova de la Guineu (Font-Rub{\'i}, Barcelona) i les relacions plana-muntanya al Pened{\`e}s durant el neol{\'i}tic inicial},
  author={Oms, F XAVIER and Mestres, JOSEP and Cebri{\`a}, ARTUR and Morales, JUAN I and Nadal, JORDI and Pedro, MIREIA and Mendiela, SUSANA and Mart{\'i}n, PATRICIA and Fullola, JOSEP M},
  journal={Del neol{\'i}tic a l'edat del bronze en el Mediterrani occidental. Estudis en homenatge a Bernat Mart{\'i} Oliver., Servei d'Investigaci{\'o} Prehist{\`o}rica. Trabajos Varios},
  number={119},
  pages={97-107},
  year={2016}
}

@article{GarciaBorja18,
  title={El inicio del Neol{\'i}tico en la cueva de Nerja y la Cova de la Sarsa. Contexto arqueol{\'o}gico y dataciones radiocarb{\'o}nicas},
  author={Borja, Pablo Garc{\'i}a and Garc{\'i}a, Domingo C Salazar and Pardo, Jes{\'u}s F Jord{\'a} and Ripoll, Manuel P{\'e}rez and Tortosa, J Emili Joan Emili Aura},
  journal={Pyrenae},
  volume={49},
  number={2},
  pages={7-36},
  year={2018}
}

@article{Delibrias74,
  title={Centre des Faibles Radioactivites Laboratoire mixte CNRS-CEA 91190-Gif-sur-Yvette, France},
  author={Delibrias, G and Tguillier, M and Labeyrie, J},
  journal={Editors: RICHARD FOSTER FLINT-Jgordon ODGEN, Ill-IRVING ROUSE-MINZE STUIVER Managing Editor: RENEE S KRA},
  volume={16},
  number={1},
  pages={15-94},
  year={1974},
}

@article{Bernabeu11,
  title={La Cova de les Cendres (Moraira-Teulada, Alicante)},
  author={Bernabeu, Joan and Molina Balaguer, Llu{\'i}s},
  year={2011},
  journal={SAGVNTVM Extra},
  volume={12},
  pages={213-216}
}

@article{Torregrosa16,
  title={La Cova dels Calderons (La Romana, Alicante) y los inicios del Neol{\'i}tico en el valle del Vinalop{\'o}},
  author={Torregrosa-Gim{\'e}nez, Palmira and Jover Maestre, Francisco Javier and others},
  year={2016},
  publisher={Museu de Prehist{\`o}ria de Val{\`e}ncia},
  journal ={Archivo de Prehistoria Levantina},
  volume = {31},
  pages = {87-117}
}

@inproceedings{Bosch16,
  title={La cer{\'a}mica de la Cova del Vidre (Roquetes) y el Neol{\'i}tico Cardial Franco-Ib{\'e}rico},
  author={Bosch, Josep},
  booktitle={Del Neol{\'i}tic a l'Edat de Bronze en el Meditarrani occidental: estudis en homenatge a Bernat Mart{\'i} Oliver},
  pages={109-116},
  year={2016},
  organization={Museu de Prehist{\`o}ria de Val{\`e}ncia}
}

@article{Rojo13,
  title={Pastores trashumantes del Neol{\'i}tico Antiguo en un entorno de alta monta{\~n}a: secuencia crono-cultural de la Cova de Els Trocs (San Feli{\'u} de Veri, Huesca)},
  author={Guerra, Manuel {\'A} Rojo and Chocarro, Leonor Pe{\~n}a and Guill{\'e}n, Jos{\'e} Ignacio Royo and Rodr{\'i}guez, Cristina Tejedor and de Lagr{\'a}n, I{\~n}igo Garc{\'i}a-Mart{\'i}nez and Magall{\'o}n, H{\'e}ctor Arcusa and Pena, Rafael Garrido and Garc{\'i}a, Marta Moreno and Mazzucco, Niccol{\`o} and Bao, Juan Francisco Gibaja and others},
  journal={BSAA Arqueolog{\'i}a},
  number={79},
  pages={9-55},
  year={2013},
  publisher={Servicio de Publicaciones}
}

@article{Puyoles00,
  title={Nuevas dataciones de C-14 para el neol{\'i}tico mediterr{\'a}neo peninsular},
  author={Puyoles, Olaria},
  year={2000},
  publisher={Diputaci{\'o} de Castell{\'o}: Servei d'Investigacions Arqueol{\`o}giques i Prehist{\`o}riques},
  journal = {Quad. Preh. Arq. Cast.},
  volume = {21}
}

@article{Borja12,
  title={Dataciones radiocarb{\'o}nicas en contextos del Neol{\'i}tico antiguo de la Cova Fosca de la Vall d'Ebo (Alacant, Espa{\~n}a)},
  author={Borja, Pablo Garc{\'i}a and Martins, Haid{\'e} and Serra, Alfred Sanchis and Gord{\'o}, Salvador Pardo},
  journal={Alberri: Quaderns d'investigacio del centre d'estudis contestants},
  number={22},
  pages={11-32},
  year={2012},
  publisher={Centre d'Estudis Contestans}
}

@article{Carrasco14,
  title={Las cronolog{\'i}as absolutas del Neol{\'i}tico Antiguo en el sur de la pen{\'i}nsula ib{\'e}rica. Nuevas dataciones.},
  author={Carrasco Rus, Javier and Mart{\'i}nez-Sevilla, Francisco},
  journal={Archivo de Prehistoria Levantina},
  volume={30},
  year={2014}
}

@article{Drak09,
  title={Restos humanos mesol{\'i}ticos en la cordillera cant{\'a}brica (Norte de Espa{\~n}a)},
  author={Drak, Labib and Garralda, Mar{\'i}a Dolores},
  journal={Estudios de Antropolog{\'i}a Biol{\'o}gica},
  volume={14},
  number={1},
  year={2009}
}

@article{GarciaBorja14,
  title={La cer{\'a}mica neol{\'i}tica de la Cueva de Nerja (M{\'a}laga, Espa{\~n}a): salas del Vest{\'i}bulo y la Mina},
  author={Garc{\'i}a Borja, Pablo J and Aura Tortosa, Joan Emili and Jord{\'a} Pardo, Jes{\'u}s Francisco and Salazar Garc{\'i}a, Domingo Carlos},
  journal={Archivo de Prehistoria Levantina},
  volume={30},
  pages={81-131},
  year={2014},
  publisher={Museu de Prehist{\`o}ria de Val{\`e}ncia}
}

@Article{Pardo08,
  author    = {Pardo, Jes{\'u}s F Jord{\'a} and Tortosa, J Emilio Aura},
  journal   = {Espacio, Tiempo y Forma},
  title     = {70 fechas para una cueva. Revisi{\'o}n cr{\'i}tica de 70 dataciones C14 del Pleistoceno superior y Holoceno de la cueva de Nerja (M{\'a}laga, Andaluc{\'i}a, Espa{\~n}a)/70 dates for a cave. Critical review of 70 Upper Pleistocene and Holocene C14 dates of nerja cave (M{\'a}laga, Andalusia, Spain)},
  year      = {2008},
  number    = {1},
  pages     = {239},
  publisher = {Universidad Nacional de Educacion a Distancia (UNED)},
}

@article{Pessina16,
  title={Primi risultati dalle nuove ricerche nel villaggio neolitico di Ripoli},
  author={Pessina, A and Caironi, T and Morandi, N and Natali, E and Rottoli, M},
  journal={Atti IV Convegno di Archeologia Il Fucino e le aree limitrofe nell'antichit{\`a} (Avezzano, 22-23 maggio 2015), Avezzano},
  year={2016}
}

@Book{Martinez17,
  author    = {Martinez, Rafael M. and Juan Carlos, Vera},
  publisher = {Servicio de Publicaciones de la Universidad de Huelva},
  title     = {El enclave neol{\'I}tico al aire libre del Castillo de Do{\~n}a Menc{\'i}a},
  year      = {2017},
  volume    = {1},
}

@inproceedings{Ortega06,
  title={The Portal{\'o}n at Cueva Mayor (Sierra de Atapuerca, Spain): A new archaeological sequence},
  author={Ortega, AI and Juez, L and Carretero, JM and Arsuaga, JL and P{\'e}rez-Gonz{\'a}lez, A and Ortega, MC and P{\'e}rez, R and P{\'e}rez, A and Rodr{\'i}guez, AD and Santos, E and others},
  booktitle={UISPP XV World Congress: The Early Neolithic in the Iberian Peninsula: regional and transregional components. Lisbon},
  pages={4-9},
  year={2006}
}

@article{Cantillo10,
  title={La explotaci{\'o}n de los recursos marinos por sociedades cazadoras-recolectoras-mariscadoras y tribales comunitarias en la regi{\'o}n hist{\'o}rica del Estrecho de Gibraltar},
  author={Cantillo-Duarte, Juan Jes{\'u}s and Ramos Mu{\~n}oz, Jos{\'e} and Casimiro-Soriguer Escofet, Mar{\'i}a Milagrosa and P{\'e}rez-Rodr{\'i}guez, Manuela and Vijande Vila, Eduardo and Bernal Casasola, Dar{\'i}o and Dom{\'i}nguez Bella, Salvador and Zabala-Jim{\'e}nez, Cristina and Hernando-Casal, Jos{\'e} and Clemente-Conte, Ignacio and others},
  journal={F{\'e}rvedes},
  pages={105-113},
  year={2010}
}

@article{Bello15,
  title={Un acercamiento al aprovechamiento de los recursos litorales durante el Mesol{\'i}tico: los invertebrados marinos del abrigo de El Toral III (Llanes, Asturias)},
  author={Bello-Alonso, Patricia and Ozkorta-Escribano, Lander and Guti{\'e}rrez-Zugasti, Igor},
  journal={La Investigaci{\'o}n Arqueomalacol{\'o}gica en la Pen{\'i}nsula Ib{\'e}rica: Nuevas Aportaciones},
  pages={91},
  year={2015},
  publisher={Nadir Ediciones Santander}
}

@Article{Fuertes10,
  author  = {Prieto, M{\textordfeminine} NATIVIDAD FUERTES and Campos, A Neira and G{\'O}MEZ, FERNANDO},
  journal = {Minerales y rocas en las sociedades de la Prehistoria. Grupo de Investigaci{\'o}n HUM-440, Universidad de C{\'a}diz, C{\'a}diz},
  title   = {Caracterizaci{\'o}n de las materias primas l{\'i}ticas del yacimiento Mesol{\'i}tico de El Espert{\'i}n (Le{\'o}n)},
  year    = {2010},
  pages   = {169-184},
}

@article{Baldellou87,
  title={Avance al estudio de la Espluga de la Puyascada},
  author={Mart{\'i}nez, Vicente Baldellou},
  journal={Bolskan},
  pages={3-42},
  year={1987}
}

@article{Casabo14,
  title={La esfera de Cova Foradada (X{\`a}bia, Marina Alta), un objeto singular de los inicios del paleol{\'i}tico superior},
  author={Casab{\'o} i Bernad, Josep A},
  journal={Quaderns de Prehist{\`o}ria i Arqueologia de Castell{\`o}},
  pages={5-12},
  year={2014},
  publisher={Diputaci{\'o} de Castell{\'o}: Servei d'Investigacions Arqueol{\`o}giques i Prehist{\`o}riques}
}

@misc{Bosch11,
  title={El poblat lacustre del neol{\'i}tic antic de La Draga. Excavacions 2000-2005. Monografies del Casc 9},
  author={Bosch, {\`A} and Chinchilla, J and Tarr{\'u}s, J},
  year={2011},
  publisher={Museu d'Arqueologia de Catalunya. CASC. Girona}
}

@article{Terradas12,
  title={Darreres intervencions arqueol{\`o}giques al poblat neol{\'i}tic de La Draga ia l'estany de Banyoles (Banyoles, Pla de l'Estany)},
  author={Terradas, Xavier and Piqu{\'e}, Raquel and Palomo, Antoni and Bosch, {\`A}ngel and Bux{\'o}, Ramon and Chinchilla, J{\'u}lia and Sa{\~n}a, Maria and Tarr{\'u}s, Josep and Bogdanovic, I and Rosillo, R},
  journal={Tribuna Arqueol},
  volume={2013},
  pages={33-47},
  year={2012}
}

@article{Alday09,
  title={El final del Mesol{\'i}tico y los inicios del Neol{\'i}tico en la Pen{\'i}nsula Ib{\'e}rica: cronolog{\'i}a y fases},
  author={Ruiz, Alfonso Alday},
  journal={Munibe Antropologia-Arkeologia},
  volume={60},
  pages={157-173},
  year={2009},
  publisher={Sociedad de Ciencias Aranzadi}
}

@inproceedings{Alday08,
  title={La cer{\'a}mica Boquique en contextos neol{\'i}ticos peninsulares},
  author={Ruiz, Alfonso Alday and Gaz{\'o}laz, Jes{\'u}s Garc{\'i}a and Sesma, Jes{\'u}s Sesma},
  booktitle={IV Congreso del Neol{\'i}tico Peninsular: 27-30 de noviembre de 2006},
  pages={157-166},
  year={2008},
  organization={Museo Arqueol{\'o}gico de Alicante-MARQ}
}

@article{Molina11,
  title={El Mas d'Is (Pen{\'a}guila, Alicante)},
  author={Molina Balaguer, Llu{\'i}s and Bernabeu, Joan and Orozco K{\"o}hler, Teresa},
  journal={Saguntum: Papeles del Laboratorio de Arqueolog\`ia de Valencia,},
  number={Extra 12},
  pages={179-182},
  year={2011}
}

@article{Rodriguez00,
  title={Industria {\'o}sea prehist{\'o}rica del Noroeste de la Pen{\'i}nsula Ib{\'e}rica},
  author={Rodr{\'i}guez, Carlos Fern{\'a}ndez},
  journal={Lancia: revista de prehistoria, arqueolog{\'i}a e historia antigua del noroeste peninsular},
  number={4},
  pages={71-84},
  year={2000},
  publisher={Servicio de Publicaciones}
}

@book{Zapata02,
  title={Origen de la agricultura en el Pa{\'i}s Vasco y transformaciones en el paisaje: an{\'a}lisis de restos vegetales arqueol{\'o}gicos},
  author={Pe{\~n}a, Lydia Zapata},
  year={2002},
  publisher={Bizkaiko Foru Aldundia}
}

@article{Tabernero99,
  title={El Poblado de Plansallosa y la neolitizaci{\'o}n del valle del Llierca (pre-pirineo oriental)},
  author={Tabernero, Esther and Lloret, Angel Bosch and i Gasquet, Joaquim Mateu and Casadevall, Jordi and i Capdevila, Ram{\'o}n Bux{\'o} and Palomo, Toni and Buch, Montserrat},
  journal={SAGVNTVM Extra},
  volume={2},
  pages={329-335},
  year={1999}
}

@article{Gonzalez11,
  title={Un nou assentament del V mil. lenni a la costa de Barcelona},
  author={Mu{\~n}oz, Javier Gonz{\'a}lez and Molist, Miquel and Spezzia, Karin Harzbecher},
  journal={Quarhis: Quaderns d'Arqueologia i Hist{\`o}ria de la Ciutat de Barcelona},
  number={7},
  pages={86-100},
  year={2011},
  publisher={Museu d'Hist{\`o}ria de la Ciutat}
}

@article{Gomez17,
  title={Caserna de Sant Pau del Camp (Barcelona): noves dades per al neol{\'i}tic antic cardial del nord-est peninsular},
  author={Bach, Anna G{\'o}mez},
  journal={Cypsela: revista de prehist{\`o}ria i protohist{\`o}ria},
  pages={11-23},
  year={2017}
}

@article{Rojo06,
  title={La Neolitizaci{\'o}n de la Meseta Norte a la luz del C-14: an{\'a}lisis de 47 dataciones absolutas in{\'e}ditas de dos yacimientos dom{\'e}sticos del Valle de Ambrona, Soria, Espa{\~n}a.},
  author={Rojo-Guerra, MA and Kunst, Michael and GARRIDO-PENA, Rafael and DE LAGR{\'A}N, E I GARC{\'I}A},
  journal={Archivo de prehistoria levantina},
  volume={26},
  year={2006}
}

@article{Rosser07,
  title={Tossal de les Basses. Seis mil a{\~n}os de historia de Alicante},
  author={Rosser, P and Fuentes, C},
  journal={Alicante: Patronato Municipal de Cultura},
  year={2007}
}

@book{Straus12,
  title={El Mir{\'o}n Cave, Cantabrian Spain: the site and its Holocene archaeological record},
  author={Straus, Lawrence Guy and Morales, Manuel R Gonz{\'a}lez},
  year={2012},
  publisher={University of New Mexico Press}
}

@book{Altuna84,
  title={El yacimiento prehist{\'o}rico de la cueva de Ekain (Deba, Guip{\'u}zcoa)},
  author={Altuna, Jes{\'u}s and Merino, Jos{\'e} Mar{\'i}a},
  volume={1},
  year={1984},
  publisher={Sociedad de Estudios Vascos con la colaboraci{\'o}n de Sociedad de Ciencias Aranzadi}
}

@book{Bartolome19,
  title={El Mesol{\'i}tico en Cantabria centro-oriental},
  author={Bartolom{\'e}, Mercedes P{\'e}rez},
  year={2019},
  publisher={Archaeopress Publishing Ltd}
}

@Article{Gonzalez78,
  author  = {Gonzalez Morales, M. R.},
  journal = {Boletin del Instituto de Estudios Asturianos Oviedo},
  title   = {Excavactiones en el conchero asturiense de la cueva de Mazaculos II (La Franca, Ribadedeva, Asturias). Fouilles dans l'amas de coquilles asturien de la grotte de M. II (La F., R., Asturies)},
  year    = {1978},
  number  = {93-94},
  pages   = {369-383},
  volume  = {32},
}

@article{Zapata95,
author = {Zapata, Lydia},
year = {1995},
month = {01},
pages = {251-257},
title = {El yacimiento arqueologico de la cueva Pico Ramos (Muskiz, Bizkaia)},
volume = {6},
journal = {Isturitz}
}

@inproceedings{Quintana17,
  title={El Neol{\'i}tico en la cuenca hidrogr{\'a}fica del r{\'i}o Oka (Urdaibai, Bizkaia): estado de la cuesti{\'o}n y propuestas de estudio},
  author={Quintana, Juan Carlos L{\'o}pez and Lizasu, Amagoia Guenaga},
  booktitle={Miscel{\'a}nea en homenaje a Lydia Zapata Pe{\~n}a:(1965-2015)},
  pages={427-452},
  year={2017},
  organization={Universidad del Pa{\'i}s Vasco/Euskal Herriko Unibertsitatea}
}

@inproceedings{Grandal11,
  title={Upper Pleistocene cave bears from Galicia (NW of the Iberian Peninsula): a palaeoenvironmental approach},
  author={Grandal-d'Anglade, Aurora and Rama, Marta P{\'e}rez and V{\'a}zquez, Ana Garc{\'i}a and Fortes, Gloria M Gonz{\'a}lez and Mosquera, Daniel Fern{\'a}ndez},
  booktitle={To the West of Spanish Cantabria: the Palaeolithic settlement of Galicia},
  pages={25-38},
  year={2011},
  organization={Archaeopress}
}

@inbook{Brana10,
  chapter={Los objetos de adorno personal asociados al esqueleto mesolitico},
  author={Bra{\~n}a},
  title={Los Hombres Mesoliticos de la Cueva de La Bra\~na-Arintero (Valdelugueros, Le{\'o}n)},
  pages={62-79},
  publisher={Junta de Castilla y Leion},
  year={2010}
}

@article{Binder08,
  title={{\'E}pipal{\'e}olithique et N{\'e}olithique dans l'arc liguro-proven{\c{c}}al: bilan et perspectives de recherche},
  author={Binder, Didier and Lep{\`e}re, C{\'e}dric and Maggi, Roberto},
  journal={Bulletin di Mus{\'e}e d'Anthropologie Pr{\'e}historique de Monaco, Suppl{\'e}ment},
  volume={1},
  pages={49-62},
  year={2008}
}

@article{Alonso78,
  title={{\'I}ndice de fechas arqueol{\'o}gicas de C-14 en Espa{\~n}a y Portugal},
  author={Alonso, F and Cabrera, V and Chapa, T and FERN{\'A}NDEZ, M},
  journal={ALMAGRO M., FERN{\'A}NDEZ M.(eds.) C},
  volume={14},
  pages={155-183},
  year={1978}
}

@article{Altuna09,
  title={Cueva de Ekain: 2{\textordfeminine} fase. II Campa{\~n}a},
  author={Altuna, J},
  journal={Arkeoikuska: Investigaci{\'o}n arqueol{\'o}gica},
  number={2009},
  pages={345-348},
  year={2009},
  publisher={Centro de Patrimonio Cultural Vasco}
}

@article{Altuna11,
  title={Cueva de Ekain. Excavaci{\'o}n: 2{\textordfeminine} Fase. IV Campa{\~n}a},
  author={Altuna, J},
  journal={Arkeoikuska: Investigaci{\'o}n arqueol{\'o}gica},
  number={2011},
  pages={336-338},
  year={2011},
  publisher={Centro de Patrimonio Cultural Vasco}
}

@inproceedings{Mujika99,
  title={Nuevos datos de cronolog{\'i}a absoluta concerniente al Holoceno medio en el {\'a}rea vasca},
  author={Alustiza, Jos{\'e} Antonio Mujika and Ruiz, Alfonso Alday},
  booktitle={XXIV Congreso Nacional de Arqueolog{\'i}a:[celebrado en] Cartagena, 1997},
  pages={95-106},
  year={1999},
  organization={Instituto de Patrimonio Hist{\'o}rico}
}

@article{Arias05,
  title={Determinaciones de is{\'o}topos estables en restos humanos de la regi{\'o}n Cant{\'a}brica. Aportaci{\'o}n al estudio de la dieta de las poblaciones del Mesol{\'i}tico y el Neol{\'i}tico},
  author={Arias, Pablo},
  journal={Munibe. Antropologia-arkeologia},
  number={57},
  pages={359-374},
  year={2005}
}

@Article{Arias07,
  author  = {Arias Cabal, Pablo and {\'A}lvarez-Fern{\'a}ndez, Esteban and Cubas, Miriam and Teira, Luis C and Tapia, Jes{\'u}s and Cueto, Mari{\'a}n and S{\'a}nchez, Patricia Fern{\'a}ndez and L{\'o}pez-D{\'o}riga, In{\'e}s},
  journal = {journal unknown},
  title   = {Intervenci{\'o}n arque{\'o}gica en el sistema k{\'a}rstico de Arangas (Cabrales). Campa{\~n}a de 2007},
  year    = {2007},
}

@inproceedings{Arias08,
  title={Zona Arqueol{\'o}gica de La Garma (Oo{\~n}o, Ribamont{\'a}n al Monte). Campa{\~n}as 2000-2003},
  author={Arias Cabal, Pablo and Peredo, Roberto Onta{\~n}{\'o}n},
  booktitle={Actuaciones arqueol{\'o}gicas en Cantabria, 2000-2003},
  pages={43-60},
  year={2008},
  organization={Consejer{\'i}a de Cultura, Educaci{\'o}n y Deporte}
}

@InProceedings{Arias09,
  author    = {Arias Cabal, Pablo and Armendariz, Angel and de Balb{\'i}n, Rodrigo and Fano, Miguel A and Fern{\'a}ndez-Tresguerres, Juan and Gonz{\'a}lez, Manuel R and Morales, Mar{\'i}a Jos{\'e} Iriarte and Onta{\~n}{\'o}n, Roberto and Alcolea, Javier and {\'A}lvarez-Fern{\'a}ndez, Esteban and others},
  booktitle = {Mesolithic Horizons, vol. II, Papers presented at the Seventh International Conference on the Mesolithic in Europe (Belfast 2005)},
  title     = {97. Burials in the cave: new evidence on mortuary practices during the Mesolithic of Cantabrian Spain},
  year      = {2009},
  publisher = {Oxbow Books},
}

@article{Arias12,
  title={Despu{\'e}s de Los Azules. Las pr{\'a}cticas funerarias en las sociedades mesol{\'i}ticas de la regi{\'o}n cant{\'a}brica},
  author={Arias Cabal, Pablo},
  journal={AD ORIENTEM. Del final del Paleol{\'i}tico en el norte de Espa{\~n}a a las primeras civilizaciones del Oriente Pr{\'o}ximo. Oviedo},
  pages={253-273},
  year={2012}
}

@inproceedings{Arias13,
  title={Los {\'u}ltimos cazadores: el Mesol{\'i}tico asturiano visto desde la cueva de Los Canes},
  author={Arias Cabal, Pablo},
  booktitle={De neandertales a albiones: cuatro lugares esenciales de la Prehistoria en asturias},
  pages={37-68},
  year={2013},
  organization={Real Instituto de Estudios Asturianos}
}

@article{Arias18,
  title={Tras las huellas de los asentamientos asturienses. Intervenciones arqueol{\'o}gicas en El Alloru, la Sierra Plana de la Borbolla y otros sitios mesol{\'i}ticos del oriente de Asturias},
  author={Arias Cabal, Pablo and Cubas Morera, Miriam and Fano, Miguel {\'A}ngel and {\'A}lvarez-Fern{\'a}ndez, Esteban and Armendariz Guti{\'e}rrez, {\'A}ngel and Ara{\'u}jo, Ana Cristina and Rapado, Mari{\'a}n Cueto and Sim{\~o}es, Carlos Duarte and Fern{\'a}ndez S{\'a}nchez, Patricia and Iriarte Avil{\'e}s, Eneko and others},
  journal={Excavaciones arqueol{\'o}gicas en Asturias. 2013-2016},
  pages={21-38},
  year={2018},
  publisher={Consejer{\'i}a de Educaci{\'o}n y Cultura/Ediciones Trabe SL}
}

@article{Arias90,
  title={Investigaciones prehist{\'o}ricas en la Sierra Plana de la Borbolla (1979--1986)},
  author={Arias Cabal, Pablo and Su{\'a}rez, Carlos P{\'e}rez},
  journal={Excavaciones Arqueol{\'o}gicas en Asturias 1983--1986},
  pages={143-151},
  year={1990}
}

@article{Arias99,
  title={Nuevas dataciones absolutas para el Neol{\'i}tico de la cueva de Arenaza (Bizkaia)},
  author={Arias Cabal, P and Altuna, Jes{\'u}s},
  journal={Munibe. Ciencias naturales},
  volume={51},
  pages={161-171},
  year={1999}
}

@article{Bergstrom20,
  title={Origins and genetic legacy of prehistoric dogs},
  author={Bergstr{\"o}m, Anders and Frantz, Laurent and Schmidt, Ryan and Ersmark, Erik and Lebrasseur, Ophelie and Girdland-Flink, Linus and Lin, Audrey T and Stor{\aa}, Jan and Sj{\"o}gren, Karl-G{\"o}ran and Anthony, David and others},
  journal={Science},
  volume={370},
  number={6516},
  pages={557-564},
  year={2020},
  publisher={American Association for the Advancement of Science}
}

@inproceedings{Blas95,
  title={D{\'o}lmenes del Monte Areo, Carre{\~n}o: campa{\~n}as arqueol{\'o}gicas de 1991 a 1994},
  author={de Blas Cortina, Miguel {\'A}ngel},
  booktitle={Excavaciones arqueol{\'o}gicas en Asturias: 1991-94},
  pages={93-104},
  year={1995},
  organization={Servicio de Publicaciones}
}

@inproceedings{Castillo05,
  title={El contacto entre cazadores-recolectores y agricultores en los valles occidentales de Cantabria},
  author={Castillo, Agust{\'i}n D{\'i}ez},
  booktitle={Actas del III Congreso del Neol{\'i}tico en la Pen{\'i}nsula Ib{\'e}rica: Santander, 5 a 8 de octubre de 2003},
  pages={425-434},
  year={2005},
  organization={Servicio de Publicaciones}
}

@article{Clark71,
  title={The Asturian of Cantabria: Subsistence Base and the Evidence for Post-Pleistocene Climatic Shifts 1},
  author={Clark, Geoffrey A},
  journal={American Anthropologist},
  volume={73},
  number={5},
  pages={1244-1257},
  year={1971},
  publisher={Wiley Online Library}
}

@inproceedings{Zugasti18,
  title={Intervenci{\'o}n arqueol{\'o}gica en la cueva de El Mazo (Andr{\'i}n, Llanes): campa{\~n}as de 2013, 2014, 2015 y 2016},
  author={Zugasti, Fernando Igor Guti{\'e}rrez and Solana, David Cuenca and Morales, Manuel R Gonz{\'a}lez and Garc{\'i}a-Esc{\'a}rzaga, Asier and Ca{\~n}arte, Sergio Salazar and Mayolini, Luis C{\'e}sar Teira and P{\'e}rez, Luc{\'i}a Agudo},
  booktitle={Excavaciones arqueol{\'o}gicas en Asturias 2013-2016},
  pages={133-142},
  year={2018},
  organization={Gobierno del Principado de Asturias}
}

@article{Zapata97,
  title={El yacimiento de la cueva de Kobaederra (Oma, Kortezubi, Bizkaia). Resultados preliminares de las campanas de excavacion 1995-97},
  author={Zapata Pe{\~n}a, L and IBANEZ ESTEVEZ, JJ and GONZALEZ URQUIJO, J},
  journal={Munibe. Ciencias naturales},
  volume={49},
  pages={51-63},
  year={1997}
}

@article{Diez96,
  title={Una caba{\~n}a neol{\'i}tica en los Picos de Europa},
  author={Diez Castillo, Agust{\'i}n},
  journal={Rubricatum: revista del Museu de Gav\`a},
  volume={1},
  pages={349-356},
  year={1996}
}

@inproceedings{Elorza93,
  title={El yacimiento de Herriko-Barra (Zarautz, Pa{\'i}s Vasco) y su relaci{\'o}n con las transgresiones marinas holocenas},
  author={Elorza, M and Ugarte, F{\'e}lix Mar{\'i}a and Altuna, J and Alustiza, Jos{\'e} Antonio Mujika and Fito, Jos{\'e} Miguel Edeso and Aguinaga, Mar{\'i}a Jos{\'e} Isturiz},
  booktitle={El Cuaternario en Espa{\~n}a y Portugal},
  pages={923-942},
  year={1993},
  organization={Instituto Tecnol{\'o}gico Geominero de Espa{\~n}a}
}

@inproceedings{Exposito00,
  title={Documentaci{\'o}n arqueol{\'o}gica de la cueva del Calero II y la sima del Portillo del Arenal, en Pi{\'e}lagos},
  author={Exp{\'o}sito, Jos{\'e} Manuel Morlote and Fern{\'a}ndez, Emilio Mu{\~n}oz},
  booktitle={Actuaciones arqueol{\'o}gicas en Cantabria: 1984-1999},
  pages={263-266},
  year={2000},
  organization={Consejer{\'i}a de Cultura, Turismo y Deporte}
}

@article{Fano04,
  title={Las sociedades del Paleol{\'i}tico en la regi{\'o}n Cant{\'a}brica},
  author={Fano, MA},
  journal={Kobie},
  year={2004}
}

@article{Fano07,
  title={Un nuevo tiempo: el Mesol{\'i}tico en la regi{\'o}n cant{\'a}brica},
  author={Fano, MA},
  journal={Las sociedades del Paleol{\'i}tico en la Regi{\'o}n Cant{\'a}brica},
  volume={8},
  pages={337-402},
  year={2007},
  publisher={Diputaci{\'o}n Foral de Bizkaia, Anejo}
}

@inproceedings{Fernandez13,
  title={M{\'a}s all{\'a} de la aldea: Estudio diacr{\'o}nico del paisaje en el entorno de Viga{\~n}a (Belmonte de Miranda)},
  author={Fern{\'a}ndez Mier, Margarita and Gonz{\'a}lez {\'A}lvarez, David},
  booktitle={Excavaciones Arqueol{\'o}gicas en Asturias 2007-2012. En el centenario del descubrimiento de la caverna de La Pe{\~n}a de Candamo},
  pages={353-365},
  publisher={Consejer{\'i}a de Educaci{\'o}n, Cultura y Deporte del Principado de Asturias},
  year={2013},
}

@article{Garcia20,
  title={The human remains from the Lumentxa cave (Lekeitio, Biscay, Northern Iberian Peninsula): Paleobiology, Taphonomy and Chronology},
  author={Garc{\'i}a-Sagastibelza, Andrea and Arribas, Jos{\'e} Luis and L{\'o}pez-Onaindia, Diego and Pomeroy, Emma and Rodr{\'i}guez-Hidalgo, Antonio and Castex, Dominique and Couture-Veschambre, Christine and G{\'o}mez-Olivencia, Asier},
  journal={Quaternary International},
  volume={566},
  pages={191-210},
  year={2020},
  publisher={Elsevier}
}

@inproceedings{Gonzalez00a,
  title={La Prehistoria de las Marismas: excavaciones en la cueva de La Fragua, Santo{\~n}a. Campa{\~n}as de 1990, 1991, 1993, 1994 y 1996},
  author={Morales, Manuel Ram{\'o}n Gonz{\'a}lez},
  booktitle={Actuaciones arqueol{\'o}gicas en Cantabria: 1984-1999},
  pages={177-180},
  year={2000},
  organization={Consejer{\'i}a de Cultura, Turismo y Deporte}
}

@inproceedings{Gonzalez00b,
  title={Excavaciones en la Estaci{\'o}n Megal{\'i}tica de Alto de Guriezo-Hayas, Ampuero: campa{\~n}as de 1991-1996},
  author={Gonz{\'a}lez, Mar{\'i}a Remedios Serna},
  booktitle={Actuaciones arqueol{\'o}gicas en Cantabria: 1984-1999},
  pages={197-202},
  year={2000},
  organization={Consejer{\'i}a de Cultura, Turismo y Deporte, Gobierno de Cantabria}
}

@inproceedings{Gonzalez02,
  title={Excavaciones en la Cueva de la Trecha de la Fuente La Corredora (lslares, Castro Urdiales)},
  author={Morales, Manuel R Gonz{\'a}lez and Casado, Yolanda D{\'i}az and Arce, Cristina Yudego},
  booktitle={Actuaciones arqueol{\'o}gicas en Cantabria 1987-1999: arqueolog{\'i}a de gesti{\'o}n},
  pages={49-53},
  year={2002},
  organization={Consejer{\'i}a de Cultura, Turismo y Deporte}
}

@article{Gonzalez82,
  title={El Asturiense y otras culturas locales. La explotaci{\'o}n de las {\'a}reas litorales de la regi{\'o}n cant{\'a}brica en los tiempos epipaleol{\'i}ticos},
  author={Gonz{\'a}lez-Morales, MR},
  journal={Monograf{\'i}a},
  volume={7},
  year={1982}
}


@book{Gonzalez92,
  title={Excavaciones en los abrigos de la Pe{\~n}a del Perro (Santo{\~n}a, Cantabria)},
  author={Gonz{\'a}lez Morales, Manuel Ram{\'o}n and D{\'i}az Casado, Yolanda},
  year={1992},
  publisher={Servicio Editorial de la Universidad del Pa{\'i}s Vasco/Euskal Herriko}
}

@article{Gutierrez14,
  title={Intervenci{\'o}n arqueol{\'o}gica en la cueva de El Mazo (Andr{\'i}n, Llanes): campa{\~n}as de 2009, 2010 y 2012},
  author={Guti{\'e}rrez-Zugasti, I and Gonz{\'a}lez-Morales, MR},
  journal={Excavaciones arqueol{\'o}gicas en Asturias 2007--2012},
  pages={159-167},
  year={2014},
  publisher={Gobierno del Principado de Asturias Oviedo}
}

@book{Iriarte10,
  title={Shell midden people in northern Iberia. New data from the Mesolithic rock shelter of J3 (Basque Country, Spain)},
  author={Iriarte Chiapusso, Mar{\'i}a Jos{\'e} and Arrizabalaga Valbuena, Alvaro and Etxeberria, Francisco and Herrasti, Lourdes and {\'A}lvarez Fern{\'a}ndez, Esteban},
  year={2010},
  publisher={Ediciones Universidad de Salamanca}
}

@article{Maestu93,
  title={Cueva de Berroberr{\'i}a (Urdax): informe de las campa{\~n}as de excavaci{\'o}n V (1990), VI (1991), VII (1992) y VIII (1993)},
  author={Maestu, Ignacio Barandiar{\'a}n},
  journal={Trabajos de arqueolog{\'i}a Navarra},
  number={11},
  pages={243-247},
  year={1993},
  publisher={Instituci{\'o}n Pr{\'i}ncipe de Viana}
}

@article{Marti11,
  title={La Cova de l'Or (Beniarr{\'e}s, Alicante)},
  author={Mart{\'i} Oliver, Bernat},
  journal={Saguntum: Papeles del Laboratorio de Arqueolog\`ia de Valencia},
  number={Extra 12},
  pages={183-186},
  year={2011}
}


@article{Moreno17,
  title={Nueva dataci{\'o}n radiocarb{\'o}nica del abrigo de Cubera en la cuenca alta del r{\'i}o As{\'o}n (Arredondo, Cantabria)},
  author={Moreno, Alejandro Garc{\'i}a and G{\'o}mez, Aixa San Emeterio and Zugasti, Fernando Igor Guti{\'e}rrez and Morales, Manuel R Gonz{\'a}lez},
  journal={Nailos: Estudios Interdisciplinares de Arqueolog{\'i}a},
  number={4},
  pages={195-207},
  year={2017},
  publisher={Asociaci{\'o}n de Profesionales Independientes de la Arqueolog{\'i}a de Asturias (APIAA)}
}


@article{Munoz13,
  title={Sondeo arqueol{\'o}gico en el Abrigo de Barcenilla (TM de Pi{\'e}lagos, Cantabria)},
  author={Fern{\'a}ndez, Emilio Mu{\~n}oz and Exp{\'o}sito, Jos{\'e} Manuel Morlote and Santamar{\'i}a, Silvia Santamar{\'i}a and Ugarte, Pedro Mar{\'i}a Casta{\~n}os and Zapata, Mar{\'i}a Blanca Ruiz and Garc{\'i}a, Mar{\'i}a Jos{\'e} Gil and Ollero, Paloma Uzquiano},
  journal={Kobie. Paleoantropolog{\'i}a},
  number={32},
  pages={79-112},
  year={2013},
  publisher={Diputaci{\'o}n Foral de Bizkaia}
}

@book{Munoz97,
  title={El yacimiento de la cueva de Urratxa III (Orozko, Bizkaia)},
  author={Mu{\~n}oz, M and Berganza, E},
  volume={16},
  year={1997},
  publisher={Universidad de Deusto Bilbao}
}

@Article{Perez16,
  author  = {P{\'e}rez-Bartolom{\'e}, Mercedes and Casta{\~n}os, Pedro and Etxeberria, Francisco and Mu{\~n}iz, Arturo Morales and Izquierdo, Eufrasia Rosell{\'o} and Garc{\'i}a, Jos{\'e} Gil and Zapata, Blanca Ruiz and Prada, Alfredo and Solar, Marta and Uzquiano, Paloma},
  journal = {Munibe Antropologia-Arkeologia},
  title   = {El Abrigo del Carabi{\'o}n (San Mam{\'e}s de Aras-Cantabria, Espa{\~n}a) en el contexto mesol{\'i}tico del Estuario del As{\'o}n y Marismas de Santo{\~n}a},
  year    = {2016},
  pages   = {5-34},
  volume  = {67},
}

@inproceedings{Quintana05,
  title={Organizaci{\'o}n del territorio durante la transici{\'o}n al Neol{\'i}tico en el Cant{\'a}brico oriental: los ejemplos de Urdaibai y Gorbeia},
  author={Quintana, Juan Carlos L{\'o}pez},
  booktitle={Actas del III Congreso del Neol{\'i}tico en la Pen{\'i}nsula Ib{\'e}rica: Santander, 5 a 8 de octubre de 2003},
  pages={435-444},
  year={2005},
  organization={Servicio de Publicaciones}
}

@Article{Quintana11,
  author  = {Quintana, Juan Carlos L{\'o}pez and Lizasu, Amagoia Guenaga},
  journal = {Kobie},
  title   = {Revisi{\'o}n estratigr{\'a}fica del dep{\'o}sito arqueol{\'o}gico de la Cueva de Santimami{\~n}e (Kortezubi, Bizkaia): campa{\~n}as de 2004 a 2006. Cronoestratigraf{\'i}a y Paleoambiente},
  year    = {2011},
}

@article{Quintana98,
  title={El yacimiento prehist{\'o}rico de la cueva de Kobeaga II (Ispaster, Bizkaia): cazadores-recolectores en el Pa{\'i}s Vasco atl{\'a}ntico durante el VIII y VII milenio BP},
  author={Quintana, Juan Carlos L{\'o}pez},
  journal={Illunzar},
  number={4},
  pages={83-162},
  year={1998},
  publisher={AGIRI}
}

@book{Regalado15,
  title={El yacimiento al aire libre de Landaluze (Sopela, Bizkaia): una nueva ocupaci{\'o}n neol{\'i}tica en la costa cant{\'a}brica},
  author={Regalado Bueno, Encarnaci{\'o}n and San Emeterio G{\'o}mez, Aixa and R{\'i}os Garaizar, Joseba and G{\'a}rate Maidag{\'a}n, Diego and Marcos G{\'o}mez, Zaira and Ugarte Cu{\'e}tara, Ander and L{\'i}bano, I{\~n}aki and Medina-Alcaide, Mar{\'i}a {\'A}ngeles and Moreno Larrazabal, Aitor and P{\'e}rez Fern{\'a}ndez, Arantzazu Jindriska},
  year={2015},
  publisher={Diputaci{\'o}n Foral de Bizkaia}
}

@article{Rigaud16,
  title={Symbolism among the last hunter--fisher--gatherers in northern Iberia: Personal ornaments from El Mazo and El Toral III Mesolithic shell midden sites},
  author={Rigaud, Solange and Guti{\'e}rrez-Zugasti, I},
  journal={Quaternary International},
  volume={407},
  pages={131-144},
  year={2016},
  publisher={Elsevier}
}

@article{Ruiz01,
  title={El yacimiento del Cub{\'i}o Redondo (Matienzo, Ruesga): Una estaci{\'o}n meso{\'i}tica de monta{\~n}a en Cantabria},
  author={Cobo, Jes{\'u}s Ruiz and Smith, Peter},
  journal={Munibe Antropologia-Arkeologia},
  number={53},
  pages={31-55},
  year={2001},
  publisher={Sociedad de Ciencias Aranzadi}
}

@article{Sagarna08,
  title={La cueva de Linatzeta (Lastur, Deba, Gipuzkoa) Un nuevo contexto para el estudio del Mesol{\'i}tico en Gipuzkoa},
  author={Sagarna, Jes{\'u}s Tapia and Fern{\'a}ndez, Esteban {\'A}lvarez and Morera, Miriam Cubas and Rapado, Mari{\'a}n Cueto and Gabilondo, Francisco Etxeberria and ZUGASTI, Igor GUTI{\'E}RREZ and Erlogorri, Lourdes Herrasti and Alonso, M{\'o}nica Ruiz},
  journal={Munibe Antropologia-Arkeologia},
  volume={59},
  pages={119-131},
  year={2008},
  publisher={Sociedad de Ciencias Aranzadi}
}

@article{Straus86,
  title={La Riera Cave: stone age hunter-gatherer adaptations in northern Spain},
  author={Straus, Lawrence Guy and Clark, Geoffrey A},
  journal={Anthropological Research Paper},
  number={36},
  pages={1-499},
  year={1986}
}

@inproceedings{Marti14,
  title={Los primeros agricultores neol{\'i}ticos mediterr{\'a}neos:(VI-V milenios aC)},
  author={Oliver, Bernat Mart{\'i} and Cabanilles, Joaquim Juan},
  booktitle={Protohistoria de la pen{\'i}nsula ib{\'e}rica: Del Neol{\'i}tico a la Romanizaci{\'o}n},
  pages={19-41},
  year={2014},
  organization={Fundaci{\'o}n Atapuerca}
}

@article{Giannitrapani09,
  title={Nuove considerazioni sulla diffusione del Bicchiere Campaniforme in Sicilia},
  author={Giannitrapani, Enrico},
  journal={Rivista di Scienze Preistoriche},
  volume={LIX},
  pages={219-242},
  year={2009},
  publisher={Istituto Italiano di Preistoria e Protostoria}
}

@article{Binder01,
  title={Le N{\'e}olithique ancien de l'arc liguro-proven{\c{c}}al},
  author={Binder, Didier and Maggi, Roberto},
  journal={Bulletin de la Soci{\'e}t{\'e} pr{\'e}historique fran{\c{c}}aise},
  pages={411-422},
  year={2001},
  publisher={JSTOR}
}

@book{Maggi97,
  title={Arene Candide: a functional and environmental assessment of the Holocene sequence excavated by L. Bernab{\`o} Brea (1940-50)},
  author={Maggi, Roberto and Starnini, Elisabetta and BA, Voytek},
  volume={5},
  year={1997},
  publisher={Il calamo}
}

@inproceedings{Visentini02,
  title={I siti di Bannia-Palazzine di Sopra e Pal{\`u} di Livenza nel quadro del Neolitico recente e tardo del Friuli},
  author={Visentini, Paola and Ferrari, A},
  booktitle={Il declino del mondo neolitico. Ricerche in Italia centro-settentrionale fra aspetti peninsulari, occidentali e nord-alpini, Atti del Convegno (Pordenone 5-7 aprile 2001), Quaderni del Museo Archeologico del Friuli occidentale},
  pages={199-212},
  year={2002},
  organization={Museo Archeologico del Friuli occidentale}
}

@book{Becker18,
  title={Studien zum Altneolithikum in Italien},
  author={Becker, Valeska},
  volume={3},
  year={2018},
  publisher={LIT Verlag M{\"u}nster}
}

@article{Biagi94,
  title={The neolithisation of the Trieste karst in northeastern Italy and its neighbouring countries},
  author={Biagi, P and Voytek, B},
  journal={Josa Andras Muzeum Evkonyve a Nyiregyhazi},
  volume={36},
  pages={63-74},
  year={1994}
}

@article{Cabanilles02,
  title={Poblamiento y procesos culturales en la Pen{\'i}nsula Ib{\'e}rica del VII al V milenio AC (8000-5500BP). Una cartograf{\'i}a de la neolitizaci{\'o}n},
  author={Cabanilles, Joaquim Juan and Oliver, Bernat Mart{\'i}},
  journal={Saguntum: Papeles del Laboratorio de Arqueolog{\'i}a de Valencia},
  number={5},
  pages={45-87},
  year={2002},
  publisher={Servei de Publicacions}
}

@article{Biagi79,
  title={Stazione neolitica a Ostiano (CR), localita dugali Alti: scavi 1980},
  author={Biagi, Paolo},
  journal={Preistoria Alpina},
  number={15},
  pages={25-38},
  year={1979},
  publisher={Museo tridentino di scienze naturali}
}

@inproceedings{Ramis01,
  title={Revisiting the earliest human presence in Mallorca, Western Mediterranean},
  author={Ramis, Dami{\`a} and Alcover, Josep Antoni},
  booktitle={PROCEEDINGS-PREHISTORIC SOCIETY},
  volume={67},
  pages={261-270},
  year={2001},
  organization={THE PREHISTORIC SOCIETY}
}

@book{Morter10,
  title={The Chora of Croton 1: The Neolithic Settlement at Capo Alfiere},
  author={Morter, Jon and Robb, John},
  volume={1},
  year={2010},
  publisher={University of Texas Press}
}

@inbook{Mottes13,
  chapter={Il Neolitico dell'Alto Garda: aspetti culturali e dinamiche insediative nel quadro della Preistoria del territorio sudalpino centro-orientale},
  author={Mottes, Elisabetta},
  title={APSAT 3 : paesaggi storici del Sommolago. - ( Progetti di archeologia)},
  pages={89-115},
  year={2013},
  publisher={SAP-Societ{\`a} Archeologica}
}

@article{Mederos95,
  title={La cronolog{\'i}a absoluta de la prehistoria reciente del sureste de la Pen{\'i}nsula Ib{\'e}rica},
  author={Mederos, Alfredo},
  journal={Pyrenae},
  pages={53--90},
  year={1995}
}

@article{Alcalde91,
  title={L'assentament neol{\'i}tic a l'aire lliure de Plansallosa (la Garrotxa)},
  author={Alcalde, Gabriel and Bosch i Lloret, {\`A}ngel and Bux{\'o} i Capdevila, Ramon},
  journal={Cypsela},
  volume={9},
  pages={49-63},
  year={1991},
  publisher={Museu d'Arqueologia de Catalunya}
}

@article{Melis07,
  title={L'inizio dell'et{\`a} del Rame in Sardegna: nuovi contributi cronologici},
  author={Melis, Maria Grazia and Quarta, Gianluca and Calcagnile, Lucio and d'Elia, Marisa},
  journal={Rivista di Scienze Preistoriche},
  volume={LVII},
  pages={185-200},
  year={2007},
  publisher={Istituto italiano di preistoria e protostoria}
}

@inproceedings{Luglie09,
  title={Il neolitico antico},
  author={Lugli{\`e}, Carlo},
  booktitle={Atti della XLIV Riunione scientifica : la preistoria e la protostoria della Sardegna : Cagliari, Barumini, Sassari 23-28 novembre 2009},
  volume={I},
  pages={37-47},
  year={2009},
  publisher={Istituto italiano di preistoria e protostoria}
}

@article{Accorsi87,
  title={Il sito mesolitico sopra Fienile Rossino sull'altopiano di Cariadeghe},
  author={Accorsi, CARLA ALBERTA and Bandini Mazzanti, M and Biagi, PAOLO and Castelletti, LANFREDO and Cremaschi, MAURO and Leoni, LAURA and Pavarani, MASSIMO},
  journal={Natura Bresciana},
  volume={23},
  pages={239-292},
  year={1987}
}

@article{Kunst99,
  title={El Valle de Ambrona: un ejemplo de la primera colonizaci{\'o}n Neol{\'i}tica de las tierras del Interior Peninsular},
  author={Kunst, Michael and Guerra, Manuel Angel Rojo},
  journal={SAGVNTVM Extra},
  volume={2},
  pages={259-270},
  year={1999}
}

@book{Arias92,
  title={Elefantes, ciervos y ovicaprinos: econom{\'i}a y aprovechamiento del medio en la prehistoria de Espa{\~n}a y Portugal},
  author={Arias Cabal, Pablo},
  volume={15},
  year={1992},
  publisher={Ed. Universidad de Cantabria}
}

@article{Alday92,
  title={S{\'i}ntesis sobre la secuencia cultural Neol{\'i}tico-Edad del Bronce en el Pa{\'i}s Vasco},
  author={Ruiz, Alfonso Alday},
  journal={Sancho el sabio: Revista de cultura e investigaci{\'o}n vasca},
  number={2},
  pages={19-50},
  year={1992},
  publisher={Fundaci{\'o}n Sancho el Sabio}
}

@inproceedings{Almuzara06,
  title={La unidad de muescas y denticulados del Mesol{\'i}tico en el Pa{\'i}s Vasco: la formalizaci{\'o}n de un modelo cultural},
  author={Almuzara, Ana Cava and Ruiz, Alfonso Alday},
  booktitle={El Mesol{\'i}tico de muescas y denticulados en la cuenca del Ebro y el litoral mediterr{\'a}neo peninsular},
  pages={223-300},
  year={2006},
  organization={Departamento de Cultura}
}
{Piguet11,
  chapter={La chronologie absolue du N{\'e}olithique moyen valaisan},
  author={Piguet, Martine},
  title={Le site pr{\'e}historique du Petit-Chasseur (Sion, Valais) 10. Un hameau du N{\'e}olithique moyen},
  pages={83-105},
  year={2011}
  publisher={Cahiers d'arch{\'e}ologie romande; 124}
}

@article{Franco16,
  title={Excavations at the high altitude Mesolithic site of Pian de La L{\'o}ra (Val Civetta-Venetian Dolomites, Italy)},
  author={Franco, Carlo},
  journal={Preistoria Alpina},
  volume={48},
  pages={83-87},
  year={2016}
}

@article{Fedele18,
  title={Pian dei Cavalli, Borghetto, die obere Valle San Giacomo--fr{\"u}hgeschichtliche Besiedlung und Landschaftsgeschichte (Teil 1)},
  author={Fedele, Francesco and Hautmann, Bernadette},
  journal={B{\"u}ndner Monatsblatt},
  volume={2018},
  pages={6995},
  year={2018}
}

@article{Garcia02,
  title={Bosques, campos y pastos: el potencial econ{\'o}mico de la vegetaci{\'o}n mediterr{\'a}nea},
  author={Garc{\'i}a, Ernestina Badal},
  journal={SAGVNTVM Extra},
  volume={5},
  pages={129-146},
  year={2002}
}

@book{Ammerman17,
  title={The Acconia survey: Neolithic settlement and the obsidian trade},
  author={Ammerman, Albert J},
  number={10},
  year={2017},
  publisher={Taylor \& Francis}
}

@article{Alessio94,
  title={New data for the chronology of the Mesolithic in the Dolomites. The radiocarbon dates from Plan de Frea (Selva Val Gardena, Italy)},
  author={Alessio, Marisa and Angelucci, Diego E and Broglio, Alberto and Improta, Salvatore},
  journal={Preistoria alpina},
  number={30},
  pages={145-154},
  year={1994},
  publisher={Edizioni della Societ{\`a} di Cultura Preistorica Tridentina}
}
{Mussi11,
  chapter={Ricerche a Grotta di Pozzo (AQ): 1992-2009},
  author={Mussi, Margherita and Cancellieri, Emanuele and D'Angelo, Emanuela and Fiore, Ivana and Melis, Rita Teresa and Russ, Hannah and Salvadei, Loretana},
  title={Il Fucino e le aree limitrofe nell'Antichit{\`a}, Avezzano: Archeoclub della Marsica},
  pages={92-106},
  year={2011}
  publisher={Archeoclub d'Italia - Sezione della Marsica}
}

@phdthesis{Laborda18,
  title={El neol{\'i}tico antiguo en el valle medio del ebro. Cer{\'a}mica decorada y dataciones radiocarb{\'o}nicas entre 5600-4800 cal bc},
  author={Laborda, Rafael},
  year={2018},
  school={Universidad de Zaragoza}
}

@inbook{Malone95,
  chapter={THE FIRST AGRICULTURAL COMMUNITIES},
  author={Malone, Caroline and Reynolds, Tim and Webley, Derrick},
  title={Mediterranean Valley},
  pages={98},
  year={1995},
  publisher={Bloomsbury Publishing}
}

@inbook{Coppola17,
  chapter={Il Neolitico della Puglia},
  author={Coppola, Donato and Muntoni, Italo Maria and Manfredini, Alessandra and Radina, Francesca},
  title={Preistoria e Protostoria della Puglia},
  pages={193-212},
  year={2017},
  publisher={Istituto italiano di preistoria e protostoria}
}

@article{Rosini09,
  title={La produzione fittile del sito di Ripabianca di Monterado: gli elementi di tradizione tirrenica},
  author={Rosini, Martina and Silvestrini, Mara},
  journal={Rassegna di Archeologia, 22/A, 2006-preistorica e protostorica},
  pages={113},
  year={2009},
  publisher={All'Insegna del Giglio}
}

@article{Cristiani09,
  title={Tradition and innovation between the Mesolithic and early Neolithic in the Adige Valley (northeast Italy). New data from a functional analysis of trapezes from the Gaban rock-shelter},
  author={Cristiani, Emanuela and Pedrotti, Annaluisa and Gialanella, Stefano},
  journal={Documenta Praehistorica},
  volume={36},
  pages={191-205},
  year={2009}
}

@article{Ingravallo14,
  title={La n{\'e}cropole de Serra Cicora (Nard{\`o}--Lecce, Pouilles, Italie)},
  author={Ingravallo, Elettra and Tiberi, Ida and Aprile, Giorgia},
  journal={Pr{\'e}histoires M{\'e}diterran{\'e}ennes},
  number={Colloque},
  year={2014},
  publisher={Association pour la promotion de la pr{\'e}histoire et de l'anthropologie}
}

@inbook{Ucelli06,
  chapter={I livelli epigravettiani della Grotta delle Settecannelle (Viterbo)},
  author={Ucelli Gnesutta, Paola and Boschian, Giovanni and Cantoro, Gianluca and Castiglioni, Elisabetta and Dini, Mario},
  title={I livelli epigravettiani della Grotta delle Settecannelle (Viterbo)},
  pages={127-183},
  year={2006},
  publisher={Istituto italiano di preistoria e protostoria}
}

@article{Laviano09,
  title={Produzione e circolazione della ceramica "Serra d'Alto" nel V millennio aC in Italia sud-orientale},
  author={Laviano, R and Muntoni, IM},
  journal={Le classi ceramiche: situazione degli studi (Atti della 10 Giornata di Giornata di Archeometria della Ceramica, Roma, 2006)},
  pages={57-71},
  year={2009}
}


@article{Aime95,
  title={Le gouffre du Trou Perdu {\`a} Villars-les-Blamont (Doubs). Une s{\'e}pulture du N{\'e}olithique moyen au fond d'un aven},
  author={Aim{\'e}, G{\'e}rard and Cailhol, Didier and Billard, Michel and Simon, Christian},
  journal={Revue arch{\'e}ologique de l'Ouest. Suppl{\'e}ment},
  number={7},
  pages={121-129},
  year={1995}
}

@article{Utrilla01,
  title={El yacimiento epipaleol{\'i}tico de los Ba{\~n}os (Ari{\~n}o, Teruel)},
  author={Miranda, Mar{\'i}a del Pilar Utrilla and Vicente, Jos{\'e} Mar{\'i}a Rodan{\'e}s},
  journal={Saldvie: Estudios de prehistoria y arqueolog{\'i}a},
  number={2},
  pages={307-322},
  year={2001},
  publisher={Departamento de Ciencias de la Antig{\"u}edad}
}


@article{Barandiaran00,
  title={A prop{\'o}sito de unas fechas del Bajo Arag{\'o}n: reflexiones sobre el Mesol{\'i}tico y el Neol{\'i}tico en la Cuenca del Ebro},
  author={Barandiar{\'a}n, Ignacio and Cava Almuzara, Ana},
  journal={Spal, 9},
  pages={293-326},
  year={2000},
  publisher={Universidad de Sevilla}
}

@article{Guerrero96,
  title={El poblamiento inicial de la isla de Mallorca},
  author={Guerrero, Victor M},
  journal={Complutum Extra},
  volume={6},
  number={1},
  pages={83-104},
  year={1996}
}

@article{Tine12,
  title={Il Neolitico in Sicilia},
  author={Tin{\'e}, Vincenzo and Tusa, Sebastiano},
  journal={Il Neolitico in Sicilia},
  pages={49-80},
  year={2012},
  publisher={Istituto italiano di preistoria e protostoria}
}

@article{Crotti88,
  title={Insertion chronologique du M{\'e}solithique valaisan},
  author={Crotti, Pierre and Pignat, Gervaise},
  journal={Annuaire de la Societe Suisse de Prehistoire et d'Archeologie},
  volume={71},
  pages={71-76},
  year={1988}
}

@phdthesis{Moreau10,
  title={La c{\'e}ramique du N{\'e}olithique moyen II de l'Yonne {\`a} la Sa{\^o}ne entre 4300 et 3400 avant notre {\`e}re},
  author={Moreau, Cl{\'e}ment},
  year={2010},
  school={Dijon}
}

@misc{Rey06,
  title={Le site du Chenet des Pierres aux Moulins de Bozel (Savoie, France): une nouvelle s{\'e}quence n{\'e}olithique alpine},
  author={Rey, Pierre-J{\'e}r{\^o}me},
  year={2006}
}

@article{Hafner12,
  title={Das neolithikum in der Schweiz},
  author={Hafner, Albert},
  journal={Journal of Neolithic Archaeology},
  year={2012}
}

@article{Beeching97,
  title={Le Saint-Uze, un style c{\'e}ramique non-chass{\'e}en du cinqui{\`e}me mill{\'e}naire dans le bassin rhodanien},
  author={Beeching, Alain and Nicod, Pierre-Yves and Thiercelin, Fr{\'e}d{\'e}rique and Voruz, Jean-Louis},
  journal={La Culture de Cerny: nouvelle {\'e}conomie, nouvelle soci{\'e}t{\'e} au N{\'e}olithique},
  pages={575-592},
  year={1997},
  publisher={Association pour la promotion de la recherche arch{\'e}ologique en Ile-de-France}
}

@article{Delibrias75,
  title={Sommaire des datations 14 C concernant la pr{\'e}histoire en France: I. Dates parues de 1955 {\`a} 1974 (suite)},
  author={Delibrias, Georgette and Evin, Jacques},
  journal={Bulletin de la Soci{\'e}t{\'e} pr{\'e}historique fran{\c{c}}aise. Comptes rendus des s{\'e}ances mensuelles},
  volume={72},
  number={9},
  pages={277-287},
  year={1975},
  publisher={JSTOR}
}

@article{Remicourt2014,
  title={Les occupations pr{\'e} et protohistoriques du Clos de Roque, a Saint-Maximin-la-Sainte-Baume (Var)},
  author={Remicourt, Maxime and Andrieu-Ponel, Val{\'e}rie and Audibert, C{\'e}dric and Baradat, Audrey and Battentier, Janet and Belkacem, Davhya and   Blaise, Emilie and Dousse, Marion and Bonnardin, Sandrine and Caverne, Jean-Baptiste and others},
  journal={Pal{\'e}otime},
  volume={1},
  number={3},
  year={2014},
  publisher={SRA PACA, Aix-en-Provence}
}

@phdthesis{Perrin01,
  title={{\'E}volution du silex taill{\'e} dans le N{\'e}olithique haut-rhodanien autour de la stratigraphie du Gardon (Amb{\'e}rieu-en-Bugey, Ain)},
  author={Perrin, Thomas},
  year={2001},
  school={Universite Paris Sorbonne}
}

@book{Biagi1997b,
  title={Excavations at the High altitude Mesolithic site of Laghetti del Crestoso: Bovegno, Brescia-Northern Italy},
  author={Biagi, Paolo},
  year={1997},
  publisher={Accademia di Scienze}
}


@book{Elster16,
  title={The archaeology of Grotta Scaloria: ritual in Neolithic southeast Italy},
  author={Elster, Ernestine S and Isetti, Eugenia and Robb, John and Traverso, Antonella},
  volume={38},
  year={2016},
  publisher={ISD LLC}
}

@book{Remolins18,
  title={Les Valls d'Andorra durant el Neol{\'i}tic: un encreuament de camins al centre dels Pirineus},
  author={Remolins, Gerard and Gibaja Bao, Juan Francisco},
  volume={Monograf{\'i}es del MAC 2},   
  year={2018},
  publisher={Museu d'Arqueologia de Catalunya}
}

@book{Skeates94,
  title={Radiocarbon dating and Italian prehistory},
  author={Skeates, Robin and Whitehouse, Ruth},
  volume={3},
  year={1994},
  publisher={British School at Rome}
}
{Robb00,
  title={Bova Marina Archaeological Project Survey and Excavations},
  author={Robb, John}
  journal={Preliminary Report,2001 Season},
  publisher={Department of Archaeology, Cambridge University}
}

@inproceedings{Allue05,
  title={Aspectos ambientales y econ{\'o}micos durante el Neol{\'i}tico antiguo a partir de la secuencia antracol{\`o}gica de la Cova de la Guineu (Font Rub{\'i}, Barcelona)},
  author={Allu{\'e}, Ethel},
  booktitle={III Congreso del Neol{\'i}tico en la Pen{\'i}nsula Ib{\'e}rica. Monograf{\'i}as del Instituto Internacional de Investigaciones Prehist{\'o}ricas de Cantabria},
  volume={1},
  pages={53-61},
  year={2005}
}

@inproceedings{Mussi03,
  title={Grotta di Pozzo (prov. L'Aquila): oscillazioni climatiche e presenza umana tra Tardiglaciale e Olocene.},
  author={Mussi, M and Melis, Rita Teresa and Mazzella, G},
  booktitle={Atti della XXXVI Riunione Scientifica: Preistoria e Protostoria},
  pages={65-79},
  year={2003},
  organization={Pacini Editore Industrie Grafiche}
}


@book{Trump83,
  title={La grotta di Filiestru a Bonu Ighinu, Mara (SS)},
  author={Trump, David H and Casiddu, Mario and Foschi, Alba and Levine, Marsha},
  year={1983},
  publisher={Dess{\`\i}}
}

@article{Ucelli06,
  title={I livelli epigravettiani della Grotta delle Settecannelle (Viterbo)},
  author={Ucelli Gnesutta, Paola and Boschian, Giovanni and Cantoro, Gianluca and Castiglioni, Elisabetta and Dini, Mario},
  journal={I livelli epigravettiani della Grotta delle Settecannelle (Viterbo)},
  pages={127-183},
  year={2006},
  publisher={Istituto italiano di preistoria e protostoria}
}

@article{Olaria94,
  title={La problem{\'a}tica cronol{\'o}gica del proceso de neolitizaci{\'o}n en el Pa{\'i}s Valenciano: Una hip{\'o}tesis de periodizaci{\'o}n},
  author={Puyoles, Carmen Rosa Olaria},
  journal={Quaderns de prehist{\`o}ria i arqueologia de Castell{\'o}},
  number={16},
  pages={19-38},
  year={1994},
  publisher={Servei d'Arxiu, Gesti{\'o} Documental i Publicacions}
}

@article{DellaCasa95,
  title={Lo strato inferiore di Mesocco-Tec nei Grigioni (Svizzera): considerazioni sul popolamento delle vallate sud-alpine fra Mesolitico e Neolitico},
  author={Della Casa, Philippe},
  journal={Preistoria alpina},
  number={31},
  pages={61-89},
  year={1995},
  publisher={Edizioni della Societ{\`a} di Cultura Preistorica Tridentina}
}

@book{Nicod99,
  title={La Grande Rivoire {\`a} Sassenage (Is{\`e}re): projet de recherche 2000-2003},
  author={Nicod, Pierre-Yves and Picavet, R{\'e}gis},
  year={1999},
  publisher={Universit{\'e} de Gen{\`e}ve, D{\'e}partement d'anthropologie et d'{\'e}cologie}
}

@book{Olaria00,
  title={Nuevas dataciones de C-14 para el neol{\'i}tico mediterr{\'a}neo peninsular},
  author={Puyoles, Olaria},
  year={2000},
  publisher={Diputaci{\'o} de Castell{\'o}: Servei d'Investigacions Arqueol{\`o}giques i Prehist{\`o}riques}
}

@article{Peredo99,
  title={Nuevas aportaciones al conocimiento de las primeras sociedades productoras en la regi{\'o}n cant{\'a}brica},
  author={Peredo, Roberto Onta{\~n}{\'o}n and Urquijo, Jes{\'u}s Emilio Gonz{\'a}lez and Pe{\~n}a, Lydia Zapata and Est{\'e}vez, Juan Jos{\'e} Ib{\'a}{\~n}ez and Arias Cabal, Pablo and Guti{\'e}rrez, Angel Armend{\'a}riz},
  journal={SAGVNTVM Extra},
  volume={2},
  pages={549-557},
  year={1999}
}

@Comment{jabref-meta: databaseType:bibtex;}
