@Inproceedings{Huet18a,
  author    = {Thomas Huet},
  title     = {Geometric graphs to study ceramic decoration},
  booktitle = {Exploring Oceans of Data, proceedings of the 44th Conference on Computer Applications and Quantitative Methods in Archaeology, CAA 2016},
  year      = {2018},
  editor    = {Matsumoto, Mieko and Uleberg, Espen},
  pages     = {311-324},
  publisher = {Archaeopress},
  url = {https://hal.archives-ouvertes.fr/hal-02913656},
}

@InProceedings{HuetAlexander15,
author = {Huet, Thomas and Alexander, Craig},
year={2015},
title = {Méthodes informatiques pour l’étude des gravures rupestres : les exemples du Valcamonica (Italie) et du mont Bego (France)},
booktitle = {Recherches sur l'âge du Bronze, Nouvelles approches et perspectives, Actes de la journée d'étude de l'Association pour la promotion des recherches archéologiques sur l'âge du Bronze, 28 février 2014, Saint-Germain-en-Laye, Bulletin de l'APRAB, suppl. n° 1},
pages = {15--29},
editor = {Nordez, M. and Rousseau, L. and Cervel, M. },
address = {Nantes},
url = {https://hal.archives-ouvertes.fr/hal-03080205},
}

@InProceedings{Alexander08,
author = {Alexander, Craig},
title = {The Bedolina map -- an exploratory network analysis},
booktitle = {Layers of Perception. Proceedings of the 35th International Conference on Computer Applications and Quantitative Methods in Archaeology (CAA),  Berlin, 2.-6. April 2007},
pages = {366--371},
year = {2008},
editor = {Posluschny, A. and Lambers, K. and Herzog, I.},
publisher = {Koll. Vor- u. Frühgesch},
doi = {10.11588/propylaeumdok.00000512},
url = {https://archiv.ub.uni-heidelberg.de/propylaeumdok/512/1/11_04_alexander_bedolina.pdf},
}

@phdthesis{DiazGuardamino10,
  title={Las estelas decoradas en la Prehistoria de la Pen{\'\i}nsula Ib{\'e}rica},
  author={D{\'\i}az-Guardamino Uribe, Marta},
  year={2010},
  school={Universidad Complutense de Madrid, Servicio de Publicaciones},
  bth=2172,
  url = {https://eprints.ucm.es/11070/1/T32200.pdf},
}

@book{Almagro66b,
  title={Las estelas decoradas del Suroeste peninsular},
  author={Basch, Mart{\'\i}n Almagro},
  volume={8},
  year={1966},
  publisher={Editorial CSIC-CSIC Press},
}
