

@Manual{iconr,
    title = {iconr: Graphical and Spatial Analysis for Prehistoric Iconography},
    author = {Thomas Huet and Jose Pozo},
    year = {2021},
    note = {R package version 0.1.0},
    url = {https://CRAN.R-project.org/package=iconr},
}

@Inproceedings{Huet18a,
  author    = {Thomas Huet},
  title     = {Geometric graphs to study ceramic decoration},
  booktitle = {Exploring Oceans of Data, proceedings of the 44th Conference on Computer Applications and Quantitative Methods in Archaeology, CAA 2016},
  year      = {2018},
  editor    = {Matsumoto, Mieko and Uleberg, Espen},
  pages     = {311-324},
  publisher = {Archaeopress},
  url = {https://hal.archives-ouvertes.fr/hal-02913656},
}

@InProceedings{Alexander08,
author = {Alexander, Craig},
title = {The Bedolina map -- an exploratory network analysis},
booktitle = {Layers of Perception. Proceedings of the 35th International Conference on Computer Applications and Quantitative Methods in Archaeology (CAA),  Berlin, 2.-6. April 2007},
pages = {366--371},
year = {2008},
editor = {Posluschny, A. and Lambers, K. and Herzog, I.},
publisher = {Koll. Vor- u. Frühgesch},
doi = {10.11588/propylaeumdok.00000512},
url = {https://archiv.ub.uni-heidelberg.de/propylaeumdok/512/1/11_04_alexander_bedolina.pdf},
}

@phdthesis{DiazGuardamino10,
  title={Las estelas decoradas en la Prehistoria de la Pen{\'\i}nsula Ib{\'e}rica},
  author={D{\'i}az-Guardamino Uribe, Marta},
  year={2010},
  school={Universidad Complutense de Madrid, Servicio de Publicaciones},
  bth=2172,
  url = {https://eprints.ucm.es/11070/1/T32200.pdf},
}

@book{SaintMartin11,
  title={S{\'e}miologie du langage visuel},
  author={Saint-Martin, Fernande},
  year={2011},
  publisher={Presses de l'Université du Québec},
  bth=3104
}

@InProceedings{Chenorkian95,
  author    = {Chenorkian, Robert},
  title     = {Le vestige arch{\'e}ologique gravure rupestre: {\'e}tude et interpr{\'e}tation},
  booktitle = {L'homme m{\'e}diterran{\'e}en (m{\'e}langes offerts {\`a} Gabriel Camps)},
  year      = {1995},
  pages     = {157--178},
  bth       = {907},
  publi     = "TP",
}

@book{Saussure89,
  title={Cours de linguistique g{\'e}n{\'e}rale},
  author={De Saussure, Ferdinand},
  volume={1},
  year={1989},
  publisher={Otto Harrassowitz Verlag},
  bth=3102,
  publi = "TP"
}

@article{Binford62,
  title={Archaeology as anthropology},
  author={Binford, Lewis R},
  journal={American antiquity},
  pages={217--225},
  year={1962},
  publisher={JSTOR},
  bth=3360
}

@book{Gell98,
  title={Art and agency: an anthropological theory},
  author={Gell, Alfred},
  year={1998},
  publisher={Clarendon Press},
  bth=3097,
  publi = "TP"
}

@book{Hodder82,
  title={Symbolic and structural archaeology},
  author={Hodder, Ian and others},
  year={1982},
  publisher={Cambridge University Press Cambridge},
  doi = {10.1017/CBO9780511558252},
  bth=3361
}

@book{Harris14,
  title={Principles of archaeological stratigraphy},
  author={Harris, Edward C},
  year={2014},
  publisher={Elsevier}
}

